4054 6322
624 738 690 826 20,

533 939 632 988 mam
656 913 932 1009 praeferendam
955 933 1049 1007 quae
1072 933 1204 986 omnes
1227 912 1399 986 utilitates
1421 913 1529 986 habet
1552 916 1631 985 sive
1654 916 1765 987 unius
1789 921 1871 988 siva

530 1031 685 1105 alterius
709 1032 873 1115 formae,
901 1038 937 1102 et
958 1035 1052 1102 hanc
1076 1051 1162 1102 esse
1201 1031 1450 1122 Monarchiani
1484 1039 1733 1124 temperatam,
1774 1031 1867 1105 haec

526 1149 623 1220 enim
648 1147 756 1220 habet
778 1148 952 1220 unitatem
975 1147 1251 1238 gubernationis
1275 1169 1368 1240 quae
1391 1155 1450 1218 est
1473 1148 1629 1218 maxime
1655 1151 1867 1220 necessaria

526 1266 604 1336 sive
629 1267 664 1334 in
690 1265 845 1356 negotiis
870 1264 1021 1336 internis
1045 1271 1085 1334 et·
1104 1263 1308 1353 ordinariis,
1336 1263 1414 1334 sive
1437 1263 1473 1334 in
1509 1265 1665 1356 negotiis
1704 1267 1866 1338 externis

524 1382 742 1474 praesertim
767 1379 1116 1452 internetionalibus.
1149 1380 1304 1472 Insuper
1342 1379 1448 1452 habet
1487 1381 1807 1474 impartialitatem,
1829 1392 1866 1454 et

528 1499 771 1570 maturitatem
795 1499 830 1568 in
855 1497 1010 1590 negotiis
1034 1497 1186 1571 internis
1210 1499 1407 1584 ordinariis
1431 1519 1525 1591 quae
1549 1499 1745 1590 perfectius
1777 1501 1865 1569 obti-

526 1623 630 1687 netur
652 1613 888 1687 discussione
911 1622 945 1685 ct
964 1614 1102 1704 judicio
1127 1615 1297 1707 plurium,
1317 1613 1530 1706 praesertim
1553 1612 1693 1706 adipsa
1718 1617 1863 1707 negotia

525 1732 781 1824 pertinentium
806 1753 851 1803 ex
874 1729 1012 1816 Officio,
1039 1713 1095 1801 vel
1121 1731 1368 1820 professione,
1394 1731 1463 1802 hoc
1487 1731 1583 1803 enim
1624 1739 1742 1824 polest
1777 1733 1864 1802 obli·

525 1849 601 1920 neri
626 1849 661 1918 in
687 1847 769 1940 ipsa
793 1851 925 1919 Forma
950 1848 1196 1934 Monarchica,
1223 1848 1415 1919 statuendo
1440 1849 1567 1940 plures
1592 1848 1683 1919 inter
1706 1848 1807 1920 cives
1824 1857 1863 1920 ut

524 1972 846 2058 repraesentantes
870 1971 905 2034 et
924 1963 1069 2053 judices
1096 1963 1262 2056 publicae
1286 1964 1530 2054 necessitatis
1556 1965 1616 2057 qui
1641 1972 1760 2036 tamen
1801 1987 1863 2037 su·

524 2080 760 2153 bordinentur
785 2080 942 2170 Principi
967 2087 1112 2171 propter
1135 2079 1322 2150 unitatem.
1350 2080 1395 2148 Et
1419 2079 1468 2150 ita
1494 2079 1645 2152 habetur
1669 2081 1704 2150 in
1730 2083 1863 2152 Forma

523 2195 756 2268 Monarcbica
779 2205 978 2287 temperata
1003 2203 1157 2283 utraque
1180 2196 1327 2284 utilitaS,
1353 2197 1475 2266 unitas
1500 2218 1630 2288 nempe
1665 2204 1737 2288 qua
1774 2197 1863 2268 dixi·

522 2335 608 2385 mus
644 2320 830 2404 praestare
870 2311 1093 2400 Monarchia,
1120 2320 1155 2383 et
1178 2321 1322 2384 matura
1361 2321 1396 2384 et
1419 2313 1635 2405 impartialis
1674 2310 1861 2385 discussio

522 2437 629 2524 atque
654 2429 786 2501 solutio
811 2431 845 2500 in
870 2428 1038 2520 negotiis,
1065 2451 1137 2522 qua
1160 2427 1319 2499 diximus
1343 2436 1529 2518 praestare
1553 2429 1769 2518 Polyarchia
1793 2451 1861 2500 seu

521 2546 737 2637 gubernatio
762 2546 930 2636 plurium,
957 2567 1041 2616 cum
1066 2545 1175 2615 etiam
1199 2545 1234 2616 in
1259 2546 1391 2616 Forma
1415 2544 1649 2636 Monarchica
1662 2553 1861 2638 temperata

521 2660 724 2732 habeantur
747 2663 872 2752 plures
897 2668 1216 2752 repraesentantes
1233 2661 1405 2752 ¹publicae
1429 2662 1674 2750 necessitatis,
1708 2683 1775 2732 nec
1810 2671 1861 2732 ta-

520 2801 604 2849 men
629 2777 750 2848 unitas
775 2777 866 2849 inter
889 2779 991 2869 ipsos
1015 2777 1158 2848 deficiat
1173 2785 1318 2870 propter
1334 2776 1669 2849 subordinationem
1686 2771 1858 2849 adunum

520 2894 736 2986 Principem.
1378 2969 1386 2989 ι

610 3009 709 3082 Haec
733 3017 856 3082 autem
879 3009 1014 3101 duplex
1037 3017 1073 3080 et
1096 3010 1256 3100 perlecta
1284 3009 1419 3082 utilitas
1435 3033 1508 3082 non
1527 3017 1654 3102 posset
1671 3009 1718 3080 ita
1734 3009 1859 3081 haberi

520 3127 556 3196 in
580 3129 714 3198 Forma
736 3125 984 3216 Polyarchica,
1012 3127 1067 3196 vel
1092 3127 1191 3198 enim
1216 3128 1306 3197 inter
1322 3127 1860 3217 pluresconstituereturpnn·

519 3265 608 3334 ceps
632 3242 678 3312 ad
702 3243 875 3314 unitatem
900 3241 1118 3330 habendam,
1145 3249 1179 3314 et
1202 3249 1288 3313 tunc
1312 3243 1379 3314 erit
1404 3241 1616 3314 Monarchia
1641 3251 1855 3334 temperata,

521 3358 575 3432 vel
600 3357 765 3448 Principe
790 3381 861 3429 non
886 3359 1083 3430 constituto
1107 3357 1278 3430 deficeret
1303 3359 1463 3450 perfecta
1488 3359 1623 3446 unitaS,
1652 3359 1749 3451 quod
1789 3359 1858 3429 ele-

519 3482 680 3546 mentum
698 3483 754 3546 est
769 3473 949 3546 maximae
966 3472 1127 3544 utilitatis
1152 3473 1187 3544 in
1213 3473 1385 3546 societate
1410 3475 1487 3546 sive
1512 3475 1546 3545 in
1571 3475 1726 3566 negotiis
1766 3475 1858 3546 ordi·

521 3589 631 3660 uariis
656 3590 733 3661 slve
756 3589 1064 3679 extraordinariis,
1092 3591 1170 3660 sive
1207 3591 1359 3662 internis
1397 3592 1475 3662 sive
1514 3591 1685 3663 externis,
1727 3593 1771 3662 Et
1809 3592 1858 3662 ita

520 3707 651 3777 Forma
673 3707 906 3784 Monarcbica
930 3713 1132 3797 temperata
1155 3713 1213 3777 est
1236 3709 1368 3778 Forma
1392 3728 1478 3798 prae
1502 3689 1657 3780 caeteris
1681 3707 1715 3778 in
1741 3709 1857 3779 socie-

518 3829 589 3893 tate
613 3821 860 3914 praeferenda.

607 3939 710 4018 Quod
734 3939 909 4030 probatur
947 3939 1055 4011 etiam
1079 3960 1124 4009 ex
1164 3939 1364 4032 Scriptura,
1392 3939 1572 4012 habemus
1611 3942 1707 4012 enim
1740 3943 1857 4013 Deum

518 4056 754 4126 constituisse
770 4056 912 4126 Mcisen
929 4056 1178 4145 legislatorem
1195 4056 1330 4148 populi,
1349 4065 1470 4127 tamen
1489 4060 1722 4150 praecepisse
1749 4057 1857 4128 Moisi

518 4179 557 4244 ut
580 4171 704 4262 plures
728 4171 875 4262 eligeret
899 4171 945 4240 ad
966 4170 1203 4260 judicandum
1227 4179 1261 4242 et
1283 4173 1562 4263 gubernandum
1594 4175 1770 4266 populum
1787 4175 1856 4266 ipsi

517 4287 625 4357 Moisi
650 4287 921 4370 subordinatoS,
949 4285 1016 4358 hac
1040 4289 1178 4358 ratione
1202 4289 1286 4380 quia
1310 4289 1536 4380 impossibile
1560 4297 1662 4360 esset
1683 4290 1752 4381 ipsi
1787 4291 1856 4361 soli

516 4411 630 4474 totum
655 4403 830 4495 populum
855 4404 1058 4475 immediate
1078 4405 1258 4494 judicare,
1284 4413 1318 4477 et
1346 4407 1562 4496 gubernare.

606 4519 660 4589 lta
682 4520 718 4590 in
744 4522 849 4591 Novo
873 4522 1108 4592 Testamento
1141 4521 1321 4593 habemus
1360 4523 1547 4594 Christum
1586 4525 1781 4596 Dominum
1819 4526 1855 4594 in

516 4637 772 4707 constitutione
796 4636 983 4708 Ecclesiae
1008 4637 1167 4727 elegisse
1190 4635 1382 4710 duodecim
1406 4642 1606 4732 Apostolos
1643 4641 1690 4711 ad
1726 4662 1854 4731 regen-

516 4751 601 4822 dam
625 4751 831 4824 Ecclesiam
854 4773 929 4826 una
953 4771 1038 4826 cum
1062 4759 1099 4826 et
1120 4753 1191 4826 sub
1215 4754 1326 4827 Beato
1351 4756 1470 4826 Petro.
