4054 6322
638 811 685 886 to

537 987 624 1057 lium
647 985 832 1058 iaciendas
855 1005 941 1058 esse
965 985 996 1056 si
1020 985 1064 1056 de
1089 986 1272 1057 extraneis
1295 985 1424 1075 Regno
1439 992 1622 1076 ageretur,
1643 1005 1707 1077 pro
1726 983 1866 1056 civibus
1891 967 1898 986 ’

537 1109 658 1172 autem
682 1101 813 1195 requiri
837 1083 1037 1174 assensum
1061 1101 1212 1192 regium.
1240 1101 1318 1170 Etsi
1343 1109 1463 1172 autem
1489 1099 1687 1172 schismate
1703 1098 1872 1172 occiden-

539 1218 598 1288 tali
622 1215 775 1289 durante
799 1217 931 1308 Anglia
955 1226 1098 1310 pareret
1121 1215 1283 1287 Pontifici
1308 1217 1487 1304 Romano,
1513 1225 1635 1290 tamen
1659 1218 1868 1289 ann01391,

539 1333 804 1406 Parlamentem
829 1334 945 1424 Regni
970 1336 1094 1404 statuit
1118 1333 1231 1403 multa
1254 1333 1290 1402 in
1315 1331 1580 1426 praejudicium
1609 1334 1810 1421 Ecclesiae,
1837 1341 1871 1404 et

541 1451 632 1520 inter
655 1449 726 1521 alia
750 1447 932 1522 neminem
956 1449 1313 1522 excommunicatum
1338 1448 1460 1521 haberi
1486 1471 1598 1542 posse
1622 1472 1645 1520 a
1667 1450 1778 1542 Papa,
1806 1469 1871 1518 nec

540 1565 654 1636 ullum
678 1565 760 1638 eius
783 1573 1016 1660 praeceptum
1040 1565 1242 1637 executioni
1266 1563 1513 1637 mandandum
1537 1587 1634 1638 esse.

627 1681 714 1754 ltem
738 1682 919 1754 Martinus
942 1684 1024 1754 Rea
1047 1681 1191 1754 Siciliae
1216 1683 1327 1754 vetuit
1351 1682 1522 1774 publicari
1559 1683 1697 1754 litteras
1730 1683 1870 1775 pontifi-

538 1799 616 1870 cias
641 1799 720 1869 sine
743 1799 859 1889 Regio
882 1799 1016 1888 Placet,
1042 1821 1138 1870 anno
1163 1800 1263 1870 1405.
1346 1785 1348 1792 ’

627 1913 726 1986 ldem
749 1913 883 1986 lactum
906 1916 1024 2010 estin
1049 1915 1238 1988 Lusitania
1262 1924 1446 2007 praetextu
1472 1916 1698 1988 schismatis.

548 2097 550 2100 .
626 2030 832 2102 Schismate
857 2030 1027 2119 extincto,
1047 2032 1203 2102 Carolus
1220 2031 1294 2102 Vll.
1316 2033 1393 2103 Rex
1418 2031 1630 2118 Galliarum,
1652 2033 1756 2120 juxta
1780 2031 1871 2100 Con-

537 2148 762 2219 stitutionem
776 2147 917 2218 Martini
934 2147 979 2215 V.
998 2150 1013 2186 ‘⁴
1032 2146 1137 2228 Quod
1149 2145 1307 2218 antitoda
1322 2201 1352 2236 „
1363 2148 1477 2236 jussit
1490 2147 1680 2238 Rescripta
1695 2156 1730 2216 et
1746 2147 1870 2218 Bullas

537 2263 747 2334 Pontificius
771 2264 893 2334 statim
917 2285 1002 2335 esse
1020 2264 1222 2336 executioni
1239 2261 1477 2348 mandandas,
1497 2271 1531 2332 et
1547 2263 1600 2332 sic
1616 2255 1775 2334 cessavit
1792 2262 1868 2335 Pla·

538 2381 651 2452 citum
676 2379 831 2472 Regium
856 2381 890 2450 in
916 2379 1044 2470 Gallia,
1082 2389 1119 2450 ut
1155 2382 1287 2474 pariter
1321 2379 1454 2450 lactum
1490 2381 1605 2452 estin
1630 2381 1785 2452 caeteris
1810 2401 1868 2450 nu-

536 2497 707 2568 tionibus.
1607 2577 1611 2586 ,

627 2613 681 2684 En
707 2613 814 2705 igitur
837 2613 1021 2708 quomodo
1051 2615 1101 2685 uti
1136 2613 1297 2686 diximus
1328 2613 1482 2686 durante
1516 2613 1714 2686 schismate
1748 2613 1870 2684 Placet

537 2750 758 2804 concessum
783 2729 847 2805 tuit
869 2730 1063 2824 Episcopis
1085 2753 1109 2802 a
1133 2721 1304 2803 Pontifice
1329 2727 1479 2804 Urbano
1498 2729 1558 2801 Vl.
1588 2728 1635 2802 ad
1662 2729 1870 2802 discernen-

537 2845 604 2918 dae
630 2867 738 2918 veras
761 2847 899 2936 Bullas,
925 2854 960 2918 et
983 2848 1053 2928 ista
1078 2847 1144 2919 luit
1167 2848 1284 2939 prima
1307 2848 1410 2937 origo
1434 2847 1570 2936 Placiti,
1595 2847 1693 2939 quod
1709 2846 1773 2918 luit
1789 2847 1869 2940 Epi-

537 2964 685 3055 scapale
708 2984 753 3033 ex
776 2963 1017 3034 concessione
1043 2964 1226 3036 Pontificis
1250 2963 1296 3034 ad
1312 2962 1568 3056 approbandas
1585 2965 1721 3035 Bullas.
1750 2963 1869 3034 Natio·

537 3099 605 3150 nes
632 3101 716 3150 vero
740 3079 937 3160 catholicae
961 3079 1114 3152 durante
1139 3080 1338 3151 schismata
1363 3081 1489 3171 partim
1506 3101 1590 3151 sese
1608 3078 1865 3155 subduxerunt

538 3195 585 3264 ab
609 3194 812 3268 obedientia
847 3197 1086 3285 Pontificum,
1113 3199 1242 3289 partim
1266 3197 1528 3268 invocaverunt
1562 3196 1719 3286 Regium
1748 3195 1869 3266 Placet

537 3332 604 3404 pro
627 3311 839 3386 executione
864 3311 1118 3396 mandatorum
1142 3314 1370 3384 Pontificum.
1410 3313 1464 3383 En
1498 3312 1622 3382 Placet
1644 3331 1867 3384 concessum

537 3427 730 3520 Episcopis
754 3429 800 3500 ab
824 3430 905 3522 ipso
930 3429 1103 3500 Pontifioe
1128 3429 1172 3501 ad
1200 3427 1518 3520 recognoscendas
1543 3429 1680 3516 Bullas,
1706 3429 1752 3498 ab
1780 3427 1870 3520 ipsis

537 3544 765 3637 Principibus
789 3545 996 3616 invocatum
1019 3545 1067 3618 ad
1089 3567 1357 3640 quemcumque
1375 3567 1536 3639 errorem
1564 3546 1618 3615 vel
1650 3545 1810 3618 abusum
1833 3545 1867 3614 in

537 3663 640 3732 Statu
662 3661 878 3751 cavendum,
904 3662 1001 3756 quod
1024 3661 1146 3732 Placet
1171 3663 1249 3732 sive
1274 3661 1492 3754 Episcopala
1521 3663 1601 3734 sive
1616 3663 1774 3752 Regium
1791 3681 1870 3732 ces·

537 3779 632 3848 savit
654 3786 802 3851 cessato
826 3778 1038 3850 schismate.

628 3893 766 3966 Tamen
791 3895 914 3968 Placet
928 3895 1025 3990 quod
1042 3904 1206 3988 tempore
1231 3895 1441 3968 schismatis
1470 3898 1685 3970 necessitate
1720 3917 1870 3970 conces·

538 4031 622 4082 sum
645 4011 710 4084 luit
735 4011 927 4104 Episcopis
950 4033 973 4112 a
996 4011 1182 4097 Pontifica,
1201 4021 1235 4082 et
1250 4035 1272 4082 a
1289 4011 1517 4106 Principibus
1533 4015 1614 4086 sine
1630 4013 1869 4084 concessione

537 4131 708 4214 exercito,
735 4126 805 4200 hoc
828 4126 937 4220 ipsud
960 4127 1084 4199 Placet
1106 4127 1203 4222 quod
1227 4131 1388 4200 cessavit
1411 4131 1628 4202 extinctione
1645 4130 1868 4214 schismatis,
1986 4135 1987 4204 l

536 4256 618 4336 post
643 4245 789 4340 aliquod
813 4254 959 4336 tempus
985 4266 1117 4317 rursus
1141 4245 1251 4338 aliqui
1286 4246 1355 4327 sibi
1390 4237 1660 4318 vindicaverunt
1684 4253 1870 4338 praetextu

536 4361 767 4433 necessitatis
790 4359 837 4432 ad
860 4359 1045 4434 cavendos
1069 4382 1213 4433 errores
1238 4361 1344 4434 etiam
1370 4370 1453 4456 post
1475 4363 1729 4440 extinctionem
1754 4360 1869 4434 schis-

536 4478 656 4564 matis,
681 4477 778 4570 quod
801 4500 824 4550 a
847 4477 1083 4550 Pontificibus
1107 4499 1253 4570 semper
1275 4479 1488 4550 damnatum
1511 4478 1578 4551 luit
1605 4478 1651 4550 ad
1677 4457 1870 4550 defenden-

535 4594 619 4666 dam
644 4595 788 4686 plenam
812 4596 1090 4688 competentiam
1107 4604 1141 4666 et
1163 4595 1476 4688 independentiam
1500 4595 1725 4667 auctoritatis
1749 4594 1870 4666 Eccle-

536 4712 613 4781 siae
638 4711 673 4781 in
698 4711 778 4784 suis
803 4711 957 4784 actibus

624 4827 770 4900 Primus
793 4829 852 4922 qui
878 4828 946 4900 sibi
972 4828 1161 4902 vindicavit
1179 4831 1245 4920 jus
1269 4830 1393 4902 Placiti
1419 4843 1592 4925 tanquam
1622 4829 1689 4919 jus
1715 4828 1872 4918 Regium
