4054 6322
582 861 628 936 50

481 985 728 1075 Regularibus
753 984 797 1054 ob
822 992 947 1056 votum
973 983 1212 1055 obedientiae.
1238 981 1342 1082 Idem
1368 992 1444 1054 erat
1482 981 1528 1054 de
1567 979 1815 1074 suspensione

485 1102 529 1169 ab
556 1101 681 1173 ordine
701 1102 779 1189 jam
805 1111 990 1194 suscepto.

572 1217 773 1288 Concilium
797 1217 1049 1289 Tridentinum
1073 1219 1198 1289 statuit
1221 1238 1334 1309 posse
1357 1217 1435 1288 sive
1461 1217 1597 1308 repelli,
1625 1218 1704 1286 sive
1727 1233 1812 1286 sus-

483 1333 602 1426 pendi,
640 1335 747 1404 etiam
784 1335 862 1404 sine
886 1353 1001 1405 causa
1023 1333 1295 1406 demonstrabili
1321 1335 1357 1402 in
1380 1333 1459 1403 loro
1484 1341 1647 1420 externo,
1689 1331 1724 1402 id
1760 1352 1814 1402 re·

484 1450 630 1520 mittens
655 1447 820 1540 prudenti
840 1448 977 1536 judicio
1002 1449 1186 1540 Episcopi,
1212 1468 1323 1541 posse
1347 1458 1467 1521 tamen
1492 1447 1632 1520 recurri
1645 1445 1692 1517 ad
1708 1445 1817 1518 Sum-¹

483 1587 585 1638 mum
609 1567 833 1654 Pontificem,
858 1565 918 1657 qui
941 1566 989 1634 ab
1013 1566 1196 1657 Episcopo
1221 1567 1382 1658 exquiret
1406 1566 1552 1650 motiva,
1578 1572 1614 1634 et
1642 1563 1815 1652 judicabit

482 1681 527 1752 de
551 1683 716 1773 ipsorum
740 1683 888 1752 veritate
913 1690 947 1752 et
970 1682 1145 1771 gravitate
1170 1682 1361 1764 prudentia
1384 1703 1465 1766 sua,
1489 1701 1562 1752 non
1586 1689 1708 1752 tamen
1734 1700 1814 1770 pro-

484 1799 647 1868 bationes
672 1819 741 1869 seu
764 1805 880 1870 testes
903 1797 988 1889 quia
1012 1806 1172 1888 possunt
1194 1797 1338 1868 deesse.

572 1914 695 1986 Causa
722 1935 805 1984 vero
830 1923 1057 2005 potestesse
1081 1934 1154 1984 non
1179 1912 1474 1984 demonstrabilis
1499 1914 1555 1984 vel
1571 1913 1657 2004 quia
1680 1911 1814 1983 desunt

484 2030 715 2122 probationes
739 2029 870 2116 delicti,
904 2031 1073 2121 quamvis
1098 2029 1281 2121 Episcopo
1315 2037 1413 2100 certo
1448 2037 1601 2116 constet,
1639 2029 1694 2098 rel
1729 2031 1814 2119 quia

484 2155 698 2238 sequeretur
721 2166 832 2234 grave
849 2144 1025 2216 damnum
1039 2145 1108 2236 ipsi
1126 2145 1323 2236 Episcop0,
1338 2154 1401 2217 aut
1418 2143 1633 2215 scandalum
1647 2145 1682 2214 in
1696 2145 1811 2236 plebe.

571 2261 729 2334 Eeinlllo.
756 2261 901 2331 -Hae
926 2261 1127 2332 sententiae
1167 2263 1244 2332 sive
1284 2263 1502 2352 repellentes
1539 2261 1618 2330 sive
1656 2281 1812 2352 suspen·

482 2379 609 2449 dentes
634 2378 679 2448 ab
704 2376 891 2447 ordinibus
916 2377 995 2448 sine
1019 2395 1135 2446 causa
1157 2375 1430 2447 demonstrabili
1455 2377 1491 2446 in
1530 2377 1607 2445 loro
1647 2385 1809 2479 externo,

480 2495 650 2566 dicuntur
672 2493 872 2564 sententiae
895 2513 939 2562 ex
964 2491 1155 2564 informata
1179 2493 1413 2563 conscientia.
1720 2482 1735 2516 k

568 2609 759 2699 Propcsllls.
789 2649 829 2660 -
854 2609 1059 2680 Sententiae
1083 2631 1130 2679 ex
1153 2609 1345 2680 informata
1379 2611 1602 2680 conscientia
1627 2631 1698 2678 non
1724 2617 1809 2678 sunt

482 2727 624 2798 abusus
648 2725 715 2796 sed
734 2727 859 2814 justae
883 2747 929 2796 ex
952 2727 1185 2796 necessitate.
1650 2801 1653 2808 Ι

569 2843 817 2915 concionatio.
843 2881 883 2894 -
908 2843 1117 2931 Regalistae
1140 2843 1296 2930 rejciunt
1319 2843 1520 2913 sententias
1544 2864 1587 2914 ex
1624 2843 1811 2914 informata

480 2959 702 3029 conscientia
726 2957 943 3048 praesertim
967 2958 1003 3027 in
1028 2959 1293 3048 suspensione,
1312 2979 1405 3030 ¹eum
1428 2965 1559 3047 agatur
1574 2957 1618 3028 da
1638 2961 1723 3048 jure
1752 2981 1809 3030 ac·

479 3075 623 3168 quisito,
648 3075 733 3168 quia
756 3075 846 3145 fiunt
869 3075 1007 3168 absque
1033 3074 1243 3166 probatione
1263 3073 1431 3163 juridica,
1458 3083 1653 3146 attentum
1680 3075 1812 3147 liducia

480 3195 515 3262 in
540 3191 714 3283 probitate
739 3193 850 3264 unius
877 3211 1006 3283 nempe
1034 3192 1219 3284 Episcopi.

567 3309 736 3379 lamvero
758 3309 902 3378 abusus
925 3308 1108 3379 videretur
1130 3308 1264 3379 adesse
1290 3309 1321 3379 si
1347 3307 1501 3398 eligendi
1531 3309 1586 3378 rel
1621 3309 1725 3380 electi
1765 3310 1810 3379 ad

480 3447 628 3497 sacrum
651 3425 894 3496 ministerium
918 3433 1072 3516 possent
1103 3426 1251 3517 impune
1290 3425 1513 3497 committere
1553 3425 1684 3496 delicta
1722 3447 1809 3515 erga

480 3543 716 3634 Episcopum,
743 3541 797 3611 vel
822 3551 906 3612 ante
931 3541 1060 3612 oculos
1084 3543 1270 3634 Episcopi,
1296 3543 1382 3635 quin
1406 3544 1486 3634 ipse
1518 3545 1635 3634 possit
1659 3565 1725 3614 eos
1749 3563 1808 3614 ex-

479 3659 626 3730 cludere
649 3650 672 3730 b
695 3659 807 3729 Sacro
832 3658 1033 3760 Ministerio
1058 3669 1096 3730 ut
1119 3659 1290 3750 indignos
1313 3659 1359 3728 ob
1390 3659 1633 3730 deficientiam
1657 3661 1809 3730 aliorum

478 3776 637 3845 testium.
664 3777 843 3847 Econtra
866 3776 898 3845 si
924 3777 1104 3866 Episcopo
1128 3785 1225 3846 certe
1249 3785 1392 3847 constet
1415 3776 1460 3846 de
1484 3775 1630 3864 delicto,
1669 3787 1703 3846 et
1740 3775 1807 3846 boc

478 3901 619 3964 asserat
643 3913 766 3962 coram
790 3891 923 3963 Christi
948 3892 1092 3961 Vicario
1117 3893 1283 3964 Romano
1308 3893 1494 3978 Pontifice,
1515 3893 1594 3980 jam
1618 3892 1809 3964 adestsul-

478 4009 606 4080 ficiens
630 4009 792 4100 probatio
816 4030 881 4100 pro
905 4030 997 4080 casu
1020 4009 1264 4098 necessitatis,
1291 4029 1422 4102 nempe
1446 4009 1492 4079 ad
1531 4009 1697 4080 vitandos
1730 4031 1810 4101 pra-

478 4145 546 4195 vos
570 4125 759 4196 Ministrcs
782 4125 818 4195 in
844 4125 1020 4196 Ecclesia.

566 4240 772 4312 Periculum
797 4249 919 4312 autem
942 4243 1039 4333 quod
1064 4255 1190 4335 posset
1214 4247 1388 4336 consequi
1414 4265 1459 4314 ex
1485 4245 1694 4335 probatione
1731 4246 1809 4318 lun·

477 4357 560 4428 data
582 4365 723 4427 tantum
747 4357 782 4426 in
806 4359 1013 4429 testimonio
1038 4369 1072 4429 et
1097 4359 1247 4450 proinde
1271 4369 1410 4430 tantum
1435 4361 1469 4430 in
1510 4362 1686 4448 probitate
1726 4361 1810 4452 Epi·

477 4473 578 4564 scopi
603 4483 661 4544 est
699 4474 803 4545 valde
844 4476 922 4547 leve
946 4489 1073 4546 contra
1104 4477 1354 4567 impunitatem
1391 4475 1621 4550 subditorum
1659 4477 1805 4570 quando

476 4590 662 4682 Episcopo
687 4600 784 4663 certe
808 4601 949 4664 constet
972 4593 1017 4664 de
1041 4593 1184 4681 delicte,
1211 4602 1246 4665 et
1276 4603 1397 4666 tamen
1435 4593 1564 4667 debeat
1602 4616 1687 4666 reos
1725 4595 1811 4664 tole·

344 4759 346 4762 -
477 4727 571 4794 rare,
596 4707 689 4776 etin
713 4708 912 4784 ministerio
936 4709 1121 4782 admittere
1146 4731 1190 4782 ex
1213 4711 1418 4782 deficientia
1452 4711 1608 4784 aliorum
1646 4711 1805 4784 testium.

564 4822 710 4895 Nostris
734 4825 959 4916 temporibus
983 4847 1095 4918 saepe
1113 4828 1286 4920 Episcopi
1300 4837 1485 4920 nequeunt
1500 4827 1715 4917 judicialiter
1729 4847 1810 4923 pro·
