4054 6322
1404 804 1448 875 13

214 983 418 1060 mus'baoc
437 983 705 1074 ‘obligatianem
729 996 802 1054 non
826 981 981 1052 existere
1005 1001 1073 1051 nec
1096 978 1244 1068 exzjuro
1267 985 1431 1066 balmae,
1461 979 1547 1073 quia

214 1101 381 1174 homines
406 1105 491 1172 sunt
514 1099 615 1170 liberi
639 1100 736 1169 circa
761 1099 856 1169 bona
880 1095 1123 1189 particularia,
1147 1095 1224 1188 tneo
1248 1115 1293 1167 ex
1314 1095 1424 1183 facto,
1450 1097 1546 1173 Ana-

213 1219 348 1290 ooritae
372 1217 468 1288 enim
504 1217 668 1288 viventes
691 1221 793 1286 extra
828 1213 1040 1286 societatem
1065 1233 1150 1286 sese
1180 1213 1419 1305 perfecerunt.
1447 1215 1547 1304 Ergo

210 1355 284 1406 non
308 1333 414 1406 adest
437 1331 607 1423 obligatio
631 1351 680 1402 ex
699 1331 784 1420 jure
819 1337 971 1402 naturae
1008 1329 1208 1421 pertinendi
1243 1329 1289 1400 ad
1319 1329 1542 1418 societatem,

211 1471 328 1542 neque
352 1473 397 1522 ex
420 1447 527 1536 facto,
552 1447 639 1540 quia
661 1446 707 1518 de
729 1446 824 1518 iacto
849 1467 979 1518 omnes
1003 1445 1114 1517 libere
1138 1446 1265 1517 vivunt
1295 1446 1332 1516 iu
1357 1445 1544 1534 societate,

209 1566 377 1639 etlibere
402 1573 560 1658 possunt
594 1561 784 1636 discedere
807 1585 830 1634 a
855 1565 1041 1635 societate.
1078 1562 1156 1634 Hoc
1188 1559 1355 1634 dicebam
1378 1563 1463 1656 quia
1487 1564 1545 1634 isti

210 1681 433 1754 recentiores
455 1687 576 1752 tenent
600 1679 698 1750 atiud
722 1678 857 1752 laisum
881 1677 1096 1772 principium
1130 1699 1203 1770 quo
1234 1680 1417 1756 sustinent
1448 1670 1563 1751 erro-⁶

210 1821 287 1870 rem
310 1796 407 1890 quod
432 1796 601 1868 homines
617 1798 741 1868 vivant
757 1796 792 1866 io
810 1795 981 1867 societate
999 1795 1114 1867 coacti
1130 1803 1165 1866 et
1181 1817 1254 1867 non
1272 1797 1396 1885 tibere,
1416 1817 1545 1888 nempe

211 1921 344 1986 ornnes
365 1911 533 1986 homines
556 1913 669 1984 teneri
694 1909 800 1984 adid
823 1911 920 2004 quod
944 1919 1001 1982 est
1025 1917 1167 1984 rectum
1187 1911 1298 2001 juxta
1325 1919 1495 1985 naturam
1512 1919 1552 1982 et

210 2031 400 2120 rationem,
426 2037 461 2100 et
485 2028 635 2122 proinde
658 2029 704 2099 ad
730 2029 942 2101 societatem
966 2027 1108 2100 civilem
1141 2027 1338 2102 ineundam
1362 2037 1397 2102 et
1427 2029 1545 2100 inso-

212 2150 340 2220 cietate
364 2145 457 2218 civili
482 2145 664 2236 manendi,
691 2153 726 2218 et
749 2145 899 2238 proinde
923 2143 969 2214 ad
995 2144 1029 2215 id
1055 2166 1166 2236 posse
1190 2144 1354 2236 obligari.
1380 2145 1545 2216 lamvero

212 2263 281 2336 hoc
305 2273 361 2336 est
384 2264 532 2349 falsum,
568 2285 678 2335 nemo
713 2263 810 2334 enim
841 2267 963 2355 potest
997 2262 1110 2334 alium
1136 2261 1295 2354 obligare
1319 2261 1366 2334 ad
1390 2262 1425 2334 id
1448 2261 1544 2356 quod

211 2382 279 2452 sibi
304 2381 467 2454 videatur
489 2387 640 2467 rectum,
666 2381 752 2472 quia
776 2379 844 2472 ipsi
870 2400 942 2450 non
967 2385 1113 2452 constat
1135 2379 1180 2450 de
1211 2379 1350 2468 judicio
1377 2379 1542 2466 alteriue,

211 2499 365 2571 alterum
400 2518 531 2589 nempe
562 2497 750 2568 admittere
788 2517 874 2568 esse
909 2504 1049 2570 rectum
1084 2495 1120 2568 id
1143 2495 1189 2568 ad
1212 2496 1310 2590 quod
1337 2495 1416 2588 ipse
1442 2496 1545 2567 veltet

212 2635 297 2686 eum
322 2615 492 2706 obligare.
520 2613 609 2694 Quis
633 2613 740 2705 igitur
757 2613 870 2686 alium
887 2611 1065 2704 obligaret
1081 2612 1127 2684 ad
1144 2612 1179 2683 id
1194 2611 1290 2706 quod
1307 2622 1363 2686 est
1379 2613 1545 2685 rectum?

212 2753 321 2803 nemo
349 2733 447 2803 enim
482 2731 548 2801 luit
580 2753 603 2800 a
631 2739 763 2802 natura
798 2732 833 2799 in
870 2730 1081 2802 auctoritate
1117 2730 1349 2818 constitutus,
1375 2729 1544 2802 homines

215 2855 301 2919 sunt
323 2847 509 2938 aequales,
535 2855 570 2916 et
593 2847 626 2916 si
649 2847 803 2939 quisque
829 2854 955 2938 posset
989 2845 1099 2926 alium
1135 2846 1296 2936 obligare
1319 2844 1366 2916 ad
1389 2845 1424 2916 id
1447 2844 1544 2940 quod

210 2963 279 3035 sibi
303 2962 467 3036 videatur
491 2971 643 3050 rectum,
670 2984 769 3033 unus
793 2969 894 3034 esset
917 2963 1086 3054 superior
1108 2961 1259 3033 alterius
1274 2961 1372 3051 quod
1388 2970 1445 3034 est
1460 2984 1544 3048 con·

214 3072 470 3150 tradictori'um.

298 3193 466 3275 Quodsi
503 3195 738 3286 inspiciamus
772 3193 818 3265 ad
853 3195 1050 3286 possibiles
1083 3196 1227 3267 abusus
1265 3194 1434 3282 sociales,
1460 3196 1544 3288 quis

211 3311 318 3383 etiem
342 3320 425 3403 post
450 3312 601 3383 liberam
626 3311 838 3384 electionem
861 3311 918 3384 vel
942 3332 1168 3384 consensum
1192 3311 1371 3383 tenebitur
1393 3333 1542 3384 manere

210 3427 245 3498 in
270 3429 442 3500 societate
466 3427 560 3498 civili
595 3449 640 3498 ex
664 3435 768 3518 pacto
787 3430 813 3515 t,
840 3428 896 3498 vel
921 3427 1103 3522 quomodo
1121 3435 1239 3520 potest
1263 3428 1410 3518 cogitari
1428 3430 1541 3500 teneri
1667 3415 1676 3445 ¹

211 3569 253 3614 ex
277 3544 496 3636 obligatione
519 3544 707 3617 naturali?
730 3544 893 3616 lamvero
929 3545 1006 3615 sive
1042 3543 1188 3636 praefati
1220 3545 1438 3616 Publicistae
1463 3567 1542 3616 sae-

98 3647 102 3652 ’
210 3661 281 3732 culi
307 3660 435 3752 clapsi,
463 3660 540 3732 sive
564 3661 799 3750 recentiores,
826 3661 905 3732 sinc
930 3661 1004 3732 ulla
1027 3661 1256 3732 distinctione
1280 3669 1454 3733 asserunt
1478 3659 1543 3730 bo·

211 3777 328 3848 mines
363 3798 448 3848 esse
483 3777 663 3870 obligatos
698 3777 744 3847 ad
778 3777 917 3848 civilem
953 3777 1177 3876 societatem,
1212 3777 1281 3848 hoc
1304 3777 1540 3865 deducenteS,

210 3892 314 3984 primi
339 3901 515 3985 expecto
540 3893 679 3980 sociali,
705 3893 805 3966 alteri
843 3915 889 3964 ex
925 3894 1142 3984 obligatione
1176 3893 1344 3980 naturali,
1381 3893 1478 3986 quod
1510 3894 1541 3964 si

210 4008 343 4080 falsum
367 4017 435 4098 est,
462 4017 500 4080 ut
523 4009 868 4098 demonstravimus,
887 4011 923 4079 in
940 4011 1122 4102 aliquibus
1139 4011 1318 4082 abusibus
1342 4011 1542 4082 socialibus

210 4125 359 4216 impium
383 4125 565 4216 evaderet,
594 4133 723 4197 natura
747 4132 783 4198 et
807 4127 897 4198 ratio
922 4133 1023 4198 esset
1047 4127 1155 4218 impia
1179 4127 1257 4196 sive
1281 4148 1326 4197 ex
1346 4149 1416 4200 sua
1440 4133 1543 4198 natu·
1651 4132 1653 4136 ’

210 4239 275 4311 reli
299 4239 517 4332 obligatione
542 4242 619 4313 sive
644 4243 679 4312 in
704 4242 919 4314 sustinendo
944 4250 1049 4334 pacto
1073 4243 1180 4314 etiam
1195 4243 1315 4337 quoad
1332 4243 1541 4316 societatem

209 4356 403 4430 habentem
428 4357 673 4450 legislatorem
690 4359 865 4451 iniquum,
884 4359 1057 4452 adquam
1072 4358 1267 4452 aliquando
1285 4359 1391 4453 siqui
1408 4360 1541 4432 debue-

210 4479 292 4546 runt
315 4473 506 4566 pertinere,
532 4473 602 4546 hoc
627 4497 697 4546 non
721 4497 767 4548 ex
801 4482 943 4564 natura,
980 4477 1035 4550 vel
1069 4484 1172 4569 pacto
1196 4475 1388 4568 primitivo,
1415 4477 1472 4550 vel
1496 4499 1541 4548 ex

211 4589 374 4662 libertate
397 4591 543 4682 propria
566 4599 624 4662 est
646 4592 893 4682 tribuendum,
919 4592 986 4666 sed
1010 4614 1055 4664 ex
1078 4592 1200 4684 iniqua
1232 4591 1405 4664 servitute
1428 4593 1484 4664 eis
1507 4593 1540 4664 vi

210 4705 375 4797 imposita
398 4707 444 4776 ab
468 4707 602 4800 iniquis
625 4709 800 4798 tyrannis.
1478 4735 1481 4742 ·

298 4821 390 4902 Quid
413 4843 501 4914 ergo
525 4823 817 4899 concludendum
841 4824 885 4898 de
909 4831 1015 4917 pacto
1039 4825 1197 4898 sociati?
1219 4825 1541 4900 Admittendumue
