4054 6322
1694 11 1991 362 η

616 927 755 998 Tamen
778 947 967 1018 nunquam
979 925 1214 1016 Legationern
1237 923 1327 1022 petri
1344 944 1427 1010 suo,
1444 931 1480 996 et
1495 923 1563 995 sibi
1579 924 1661 998 eius
1677 924 1750 995 lilio
1766 943 1849 995 con·
1990 951 1991 954 ¹

517 1061 665 1114 cessam
688 1029 871 1134 allegavit,
898 1063 1015 1134 neque
1039 1042 1148 1112 ceteri
1173 1042 1296 1132 Reges
1321 1041 1688 1132 subsequentesaam
1707 1040 1849 1121 invoca·
1990 1037 1991 1084 l

519 1167 660 1246 verunt,
686 1159 770 1230 hinc
795 1159 849 1230 vel
876 1164 1112 1250 praesumpta
1136 1157 1239 1228 Bulla
1262 1178 1447 1249 nunquam
1465 1157 1587 1246 extitit,
1605 1157 1661 1228 vel
1678 1178 1751 1228 non
1775 1157 1849 1228 iue-
1990 1243 1991 1256 χ

519 1284 608 1348 runt
630 1277 646 1314 “
665 1275 729 1348 zeli
755 1275 893 1366 paterni
918 1272 1164 1346 Ecclesiastici
1180 1282 1395 1344 executores
1415 1325 1446 1364 ῃ,
1464 1294 1558 1366 quae
1574 1281 1675 1346 esset
1691 1273 1847 1346 conditio
1990 1257 1991 1330 ἶ

518 1390 773 1463 concessionis
795 1391 831 1462 in
856 1390 973 1462 Bulla.
1990 1481 1991 1484 Ἴ

610 1509 859 1588 Praciensloncs
893 1508 1018 1597 nnqsrii
1042 1507 1074 1578 ΙΙ.
1112 1509 1209 1579 crant
1243 1509 1432 1597 munies:
1456 1549 1490 1562 -
1518 1507 1541 1576 l.
1569 1507 1776 1580 immiscere
1808 1528 1849 1578 se
1990 1557 1991 1572 .

616 749 663 836 ot

519 1623 757 1696 electionibus
793 1624 1061 1711 Praelatorurn,
1098 1631 1133 1694 et
1166 1621 1468 1696 administrationi
1505 1623 1754 1696 Ecclesiarnm
1790 1644 1849 1694 va-

519 1739 694 1813 cantium.
782 1745 785 1752 '

608 1855 648 1928 ll.
675 1859 756 1928 Non
782 1857 935 1930 habendi
962 1859 1120 1949 Legatos
1143 1859 1375 1949 Apostolicos
1401 1853 1436 1930 in'
1452 1882 1522 1932 suo
1539 1861 1668 1952 Regno
1685 1857 1753 1928 nisi
1771 1857 1850 1950 ipse

519 1973 634 2045 vellet.

608 2088 665 2162 lll.
692 2092 902 2188 Episcopos
925 2120 998 2168 non
1023 2099 1145 2190 egredi
1170 2085 1193 2170 e
1212 2100 1342 2189 Regno
1377 2097 1516 2188 absque
1544 2094 1624 2168 elus
1648 2114 1846 2164 consensu.

607 2207 699 2280 Eius
723 2209 821 2284 filius
845 2211 1062 2286 Guillelmus
1086 2218 1110 2288 l.
1134 2216 1194 2304 qui
1220 2215 1350 2287 dicitur
1375 2213 1496 2285 lllalus
1520 2211 1676 2282 addidit:

607 2323 667 2394 Ν.
693 2328 776 2399 Non
802 2349 892 2401 esse
916 2332 1072 2407 Romam
1088 2331 1344 2425 appellandum
1360 2331 1499 2422 absque
1517 2329 1631 2421 Regio
1648 2349 1845 2402 consensu.

606 2441 741 2515 Tribus
774 2447 883 2517 annis
917 2445 1134 2519 Guillelmus
1158 2448 1184 2517 1.
1224 2448 1388 2540 regnavit
1423 2468 1506 2519 cum
1544 2455 1645 2538 patre
1669 2465 1752 2534 suo,
1777 2465 1848 2538 quo

520 2568 664 2631 mortuo
689 2561 822 2633 bellum
847 2561 970 2633 indixit
993 2565 1114 2658 Papae
1139 2565 1297 2637 Adriano
1333 2564 1395 2633 Ν.
1432 2585 1541 2658 quem
1577 2561 1719 2633 obsedit
1752 2560 1848 2654 apud

520 2679 781 2761 Beneventum,
818 2686 853 2750 et
887 2682 932 2751 ab
967 2703 1013 2754 eo
1047 2681 1248 2773 impetravit
1282 2701 1538 2774 quaecumque
1573 2679 1715 2752 volebat
1738 2698 1850 2770 super

518 2792 612 2864 dicta
635 2801 791 2886 quatuor
813 2796 942 2887 capite.

606 2909 775 2982 Jamvero
800 2909 869 2984 hoc
892 2911 1020 3004 probat
1044 2914 1187 2986 Bullam
1212 2913 1346 2986 Urbani
1366 2911 1405 2983 ll.
1429 2935 1500 2983 non
1517 2913 1693 2996 extitisse,
1708 2911 1793 3005 quia
1814 2911 1850 2980 in

516 3024 586 3097 hac
609 3025 714 3096 Bulla
737 3027 965 3100 continentur
989 3050 1169 3102 concessa
1192 3030 1260 3100 tria
1285 3030 1414 3122 Capita
1431 3029 1546 3122 prima
1564 3051 1628 3122 pro
1646 3027 1803 3120 Rogerio
1822 3025 1847 3095 1.

519 3147 553 3212 ct
577 3141 660 3213 liliis
685 3142 777 3215 eius.
801 3143 938 3216 Tanren
965 3145 1043 3238 ipse
1067 3145 1156 3217 haec
1187 3147 1313 3239 Capita
1337 3167 1410 3216 non
1445 3145 1624 3216 invocavit
1648 3143 1680 3213 vi
1706 3143 1846 3232 Bullae,

517 3257 583 3329 sed
609 3279 672 3351 per
695 3260 767 3330 vim
791 3262 943 3332 extorsit
966 3262 1127 3335 Adriano
1145 3263 1204 3332 Ν.
1231 3264 1275 3333 Et
1299 3261 1483 3333 Adrianus
1503 3263 1566 3330 Ν.
1586 3260 1621 3330 ln
1639 3261 1746 3332 Bulla
1762 3282 1847 3331 con·

515 3375 700 3447 cessionis
723 3395 808 3448 eum
831 3399 904 3449 non
931 3387 1033 3450 vocat
1045 3381 1240 3470 Legatum,
1268 3399 1336 3451 nec
1358 3377 1443 3450 iacit
1466 3377 1685 3450 mentionem
1712 3377 1758 3448 ds
1782 3380 1850 3450 Le-

515 3491 612 3582 gatia
633 3493 780 3584 Rogerii
806 3493 830 3564 l.
857 3503 891 3564 et
916 3495 1084 3568 filiorum.

603 3608 819 3682 Guillelmus
843 3609 889 3680 ΙΙ.
915 3611 1013 3682 filius
1037 3611 1218 3684 Guillelmi
1246 3612 1268 3681 l.
1296 3613 1356 3701 qui
1389 3612 1490 3684 lilius
1525 3611 1644 3683 dictus
1668 3619 1724 3682 est
1747 3611 1848 3683 Guil-

515 3725 647 3795 lelmus
664 3727 787 3798 Bonus
813 3747 884 3798 non
909 3729 1031 3819 exegit
1049 3729 1136 3816 jura
1159 3738 1316 3822 quatuor
1340 3728 1590 3822 Capitulorum
1604 3728 1639 3797 in
1658 3727 1703 3798 iis
1720 3729 1754 3798 in
1771 3729 1848 3820 qui·

515 3841 584 3914 bus
608 3849 712 3912 erant
734 3841 922 3914 Ecclesiae
948 3843 1055 3916 nimis
1079 3867 1249 3931 onerosa,
1288 3844 1502 3938 pracsertim
1538 3843 1657 3936 quoad
1689 3846 1846 3936 appella-

511 3957 640 4043 tiones
668 3965 705 4028 ut
728 3967 876 4052 apparet
900 3981 946 4030 ex
969 3963 1076 4032 Brevi
1105 3962 1301 4033 Alexandri
1326 3962 1408 4048 111.,
1445 3969 1480 4046 ot
1516 3962 1669 4031 multum
1705 3961 1847 4050 adjuvit

513 4075 649 4166 Papam
673 4083 799 4147 contra
822 4075 1045 4150 Fridericum
1069 4079 1341 4162 Aenobarbum.

602 4192 917 4264 Clemensautern
941 4191 984 4265 ll.
1007 4194 1205 4265 Alexandri
1232 4194 1288 4267 Ill.
1316 4215 1515 4267 successor
1546 4221 1589 4268 ex
1625 4193 1843 4288 gratitudine

513 4305 629 4380 eidem
652 4307 846 4380 Guillelmo
872 4309 911 4380 ll.
938 4311 1123 4382 concessit
1148 4319 1306 4382 uteretur
1328 4321 1485 4404 quatuor
1501 4313 1676 4403 capitulis
1692 4312 1845 4383 extortis
1984 4287 1985 4300 ἵ

512 4425 557 4494 ab
581 4425 664 4513 ejus
689 4425 804 4514 Patre.
833 4425 903 4496 Sed
928 4447 1045 4520 usque
1070 4426 1116 4497 ad
1142 4425 1376 4499 Benedictum
1399 4427 1495 4502 Xlll.
1516 4450 1589 4500 non
1606 4429 1766 4521 amplius
1794 4431 1847 4498 in·
1983 4497 1984 4500 ,

514 4539 656 4612 venitur
682 4541 853 4612 Sanctam
877 4541 1011 4614 Sedcrn
1035 4544 1274 4614 consensisse
1290 4551 1539 4639 praeterquam
1556 4545 1640 4618 usui
1659 4545 1763 4640 primi
1780 4547 1846 4618 Oa-

511 4655 625 4752 pituli,
652 4677 720 4729 seu
744 4656 788 4730 de
812 4658 1051 4732 electionibus
1074 4659 1336 4736 Praelatorum.
