4054 6322
613 1579 1060 1687 DISSERTATIO
1097 1583 1129 1686 l.

517 1840 581 1908 os
618 1839 852 1910 orionis
889 1819 1225 1909 socisrnnrs

737 2039 1000 2048 Ἥ

601 2276 677 2342 Art.
703 2273 733 2341 Ι;
762 2314 802 2326 -
826 2275 920 2346 ttctio
943 2273 1133 2346 societatis.
1266 2319 1267 2322 κ

286 2443 405 2514 Homo
431 2451 559 2516 natura
583 2467 652 2516 sua
668 2443 779 2516 tondit
794 2443 840 2514 ad
859 2447 1005 2516 bonum.
1026 2447 1189 2517 Isrnvcro
1206 2443 1275 2516 hoc
1301 2445 1437 2516 bonum
1464 2466 1535 2516 non
1559 2445 1561 2448 ’

199 2567 356 2650 possunt
372 2560 538 2660 homines
554 2563 728 2653 consequi
746 2563 816 2632 nisi
834 2570 961 2632 mutuo
977 2559 1124 2650 auxilio,
1145 2560 1180 2630 id
1196 2569 1257 2646 cst
1268 2581 1354 2632 sose
1377 2561 1536 2634 uniendo

199 2684 233 2744 et
255 2675 498 2770 conspirando
534 2677 580 2748 od
616 2679 751 2748 bonum
776 2699 982 2748 commune.
1009 2677 1239 2768 Conspirctio
1265 2697 1350 2748 voro
1375 2677 1535 2769 plurium

197 2793 386 2864 hominum
410 2791 455 2862 cd
480 2793 614 2864 bonum
638 2815 832 2866 commune
857 2793 987 2863 dicitur
1017 2793 1187 2864 societas.
1215 2793 1334 2864 Homo
1359 2814 1447 2884 ergo
1472 2815 1535 2863 na-

195 2918 277 2980 tura
300 2931 370 2980 sua
394 2917 449 2982 est
473 2911 635 2982 sociatis.
662 2911 718 2980 En
743 2910 812 2981 hoc
835 2918 961 2980 autom
986 2932 1058 2981 non
1084 2911 1249 3003 sequitur
1271 2899 1456 2982 hominem
1472 2931 1535 2981 na·

195 3037 278 3097 tura
301 3049 371 3098 sua
394 3047 480 3098 esso
504 3029 737 3098 associatum.
766 3027 857 3098 Hinc
875 3027 986 3118 Origo
1011 3029 1195 3098 societatis
1212 3028 1364 3100 resultat
1383 3049 1430 3098 ex
1446 3025 1536 3097 duo·

198 3145 267 3215 bus
291 3141 489 3236 principiis,
526 3165 572 3214 cx
608 3143 790 3215 tendentia
814 3153 848 3214 ct
873 3145 1091 3216 necessitato
1116 3155 1282 3232 naturae,
1309 3153 1344 3215 ct
1367 3165 1414 3214 ox
1438 3142 1534 3213 iacto

197 3259 357 3330 humano
381 3269 550 3331 octuontc
574 3247 668 3332 hono
691 3261 911 3350 tendentiom
935 3269 969 3331 ct
992 3262 1266 3332 necessitatem.

235 3433 311 3502 Art.
331 3430 371 3501 lt.
391 3471 433 3482 -
449 3431 614 3504 Elementa
629 3433 848 3505 constitutivo
863 3433 1043 3505 societatis
1058 3435 1134 3504 sunt
1149 3430 1319 3521 plorantis
1335 3433 1489 3504 hominurn

733 3553 769 3620 ct
792 3551 993 3622 nocturnas.

274 3717 462 3791 *Homines
487 3743 570 3792 curn
594 3721 667 3790 sint
692 3721 854 3792 libertate
873 3719 1038 3811 praediti,
1055 3718 1212 3790 diversis
1228 3719 1359 3792 modiis
1376 3729 1533 3812 possunt
1624 3813 1628 3822 .

197 3839 372 3930 consequi
404 3857 515 3908 suum
550 3837 673 3927 finem,
711 3837 795 3906 hinc
826 3837 1108 3908 intcrhomincs
1131 3859 1204 3908 non
1229 3837 1424 3908 haberetur
1447 3859 1531 3907 con·
1624 3834 1644 3866 ''’

196 3953 320 4026 cordia
344 3976 410 4025 nec
434 3955 655 4047 conspiratio
679 3955 759 4026 sinc
783 3955 958 4047 principio
982 3957 1131 4026 unitatis
1162 3955 1293 4024 uniens
1328 3954 1533 4046 voluntates

197 4069 242 4140 ad
273 4070 394 4150 fincrn
414 4073 462 4141 ita
494 4077 535 4142 ut
569 4093 698 4143 omnes
732 4059 959 4142 concorditer
993 4071 1140 4141 tendant
1173 4071 1220 4140 ad
1254 4069 1377 4160 finem,
1411 4069 1446 4142 id
1479 4075 1536 4141 ost

196 4189 408 4280 conspirent
428 4189 475 4259 ad
502 4191 638 4261 bonum
662 4209 868 4260 commune.
907 4189 1129 4280 Principium
1165 4189 1298 4259 uniens
1325 4189 1532 4278 voluntates

77 4321 101 4338 ⁸·
196 4304 244 4388 od!
265 4306 550 4397 conspirandum
573 4306 620 4376 ad
645 4307 779 4377 bonurn
804 4313 999 4378 commune
1022 4307 1153 4377 dicitur
1177 4307 1400 4376 Auctoritas.
1472 4305 1474 4312 '

286 4423 476 4495 Elementa
498 4445 587 4514 ergo
611 4425 845 4495 constitutiva
876 4425 1065 4495 societatis
1101 4433 1187 4494 sunt
1213 4423 1297 4493 dno.
1324 4427 1375 4492 1.⁰
1398 4421 1529 4498 Plures

197 4538 376 4614 homines.
402 4543 453 4609 2.⁰
477 4541 695 4611 Auctoritas·
722 4542 854 4610 uniens
890 4541 1057 4610 homines
1082 4541 1117 4610 in
1143 4522 1257 4610 urium
1289 4560 1426 4631 corpus
1449 4561 1535 4610 con-

196 4657 341 4748 spirans
364 4655 411 4728 ad
435 4656 606 4728 cumdem
629 4656 751 4727 finem.
779 4657 941 4727 Primum
968 4655 1002 4726 id
1026 4666 1082 4726 est
1106 4656 1232 4748 piures
1258 4655 1425 4727 homines
1449 4655 1534 4724 dici·

196 4783 253 4844 tur
270 4774 433 4846 Materia
449 4775 661 4846 Societotis.
681 4759 893 4844 Secundum
910 4773 945 4842 id
960 4783 1017 4844 est
1030 4773 1239 4845 Auctoritas
1252 4772 1380 4845 dicitur
1391 4776 1537 4848 Forma

196 4891 409 4964 Socictotis.
1343 4893 1345 4896 ’
