4054 6322
259 1091 498 1188 Prosequitur
521 1114 714 1190 exponens
739 1095 883 1168 abusus
908 1093 1112 1168 obtinentes
1145 1095 1182 1166 in
1217 1097 1370 1168 materie
1393 1097 1506 1170 eccle-

86 1227 87 1232 ’
169 1211 333 1300 siastica,
362 1221 396 1284 et
420 1211 568 1283 subdita

260 1329 475 1418 ultiajestati
500 1335 584 1400 tuae
608 1351 681 1400 non
708 1337 849 1420 spectat
873 1337 912 1400 ut
937 1329 1040 1420 Regi,
1067 1335 1101 1398 et
1124 1329 1293 1420 Principi,
1324 1349 1440 1421 neque
1464 1335 1507 1400 ut

170 1445 357 1536 “Legata
384 1455 547 1536 potestas
570 1445 709 1517 ferendi
729 1447 830 1536 leges
846 1446 1143 1532 EcclesiasticaS,
1159 1446 1316 1516 maxime
1328 1444 1506 1535 derogan-

169 1561 264 1632 “tes
287 1562 499 1634 Auctoritati
524 1563 757 1656 Apostolicae
781 1561 917 1633 directe
942 1561 997 1632 vel
1014 1561 1186 1634 indirecte
1205 1589 1235 1630 a.

258 1679 432 1757 Quamvis
456 1679 706 1750 Ferdinandus
726 1681 893 1768 jurasset
916 1679 1010 1749 Julio
1035 1679 1084 1748 II.
1123 1679 1267 1769 plenam
1307 1679 1505 1750 libertatem

1599 1455 1615 1490 Ὗ

166 1795 370 1884 Ecclesiae,
397 1817 469 1865 non
495 1803 614 1866 tamen
639 1797 809 1882 servavit,
836 1795 901 1866 sed
925 1795 1187 1886 usurpationes
1212 1815 1329 1887 usque
1365 1817 1409 1866 eo
1445 1817 1505 1866 ve·
1600 1883 1604 1907 Ι

168 1919 300 1982 nerunt
323 1919 363 1982 ut
386 1911 612 1982 mitterentur
638 1911 843 1982 visitatores
867 1911 971 2002 Regii
997 1911 1043 1981 ad
1068 1909 1267 1982 Ecclesiae.

258 2028 332 2098 Sub
357 2027 488 2099 Carolo
516 2029 560 2098 V.
587 2011 823 2120 compilatum
848 2036 904 2097 est
939 2049 1076 2118 corpus
1112 2029 1233 2116 legum
1272 2029 1504 2100 Monarchiae

166 2145 305 2236 Regiae
331 2145 380 2230 (in
404 2145 556 2216 materia
578 2144 871 2232 Ecclesiastica),
897 2153 1018 2214 tamen
1042 2152 1076 2216 et
1101 2142 1257 2215 Carolus
1283 2145 1328 2211 V.
1350 2146 1501 2216 interro·

167 2261 268 2350 gavit
292 2281 403 2331 suum
431 2260 649 2331 advocatum
689 2259 897 2350 generalem
935 2261 1053 2350 Regni
1093 2263 1291 2330 Antonium
1329 2261 1502 2331 Montalto

166 2377 265 2446 circa
290 2378 514 2470 privilegium
539 2375 676 2448 Urbani
701 2377 750 2448 ΙΙ.
774 2379 821 2447 Et
844 2375 901 2445 hic
926 2377 1088 2467 reposuit
1114 2401 1121 2444 :

260 2495 276 2532 o
303 2495 519 2566 Conveniret
543 2515 608 2584 pro
631 2494 892 2565 exoneratione
916 2494 1161 2564 conscientiae
1185 2493 1389 2582 majestatis
1405 2501 1500 2581 tuae,

168 2613 183 2648 “
211 2619 247 2679 et
271 2611 432 2682 omnium
456 2609 664 2680 officialium
688 2593 849 2697 tuorum,
876 2617 911 2678 et
935 2609 1198 2697 ministrorum,
1232 2609 1393 2682 obtinere
1417 2631 1502 2681 con·

169 2727 452 2798 “firmationem
476 2725 643 2798 eiusdem
667 2725 915 2814 Monarchiae,
957 2747 1005 2796 an
1047 2725 1268 2816 intelligatur
1305 2736 1505 2819 propagata

168 2845 183 2882 “
210 2841 257 2912 ad
281 2865 410 2913 omnes
434 2843 571 2932 Regae,
598 2843 653 2912 vel
678 2864 725 2912 an
752 2841 848 2912 dicta
872 2843 976 2912 Bulla
1000 2843 1137 2912 Urbani
1163 2841 1203 2913 ΙΙ.
1231 2841 1336 2914 luerit
1359 2841 1500 2934 privile-

168 2963 183 2997 “
211 2961 315 3048 glum
338 2960 545 3052 personale.
578 3013 594 3049 ,

255 3072 406 3146 Interim
433 3076 604 3146 Vico-rex
629 3077 681 3146 De
708 3077 812 3166 Vege
836 3075 1020 3148 saeviebat
1044 3097 1204 3164 carcere,
1231 3077 1340 3146 etiam
1374 3086 1501 3148 contra

164 3216 238 3264 non
263 3192 505 3264 adhaerentes
531 3191 727 3284 privilegiis
751 3193 875 3282 regiis

255 3309 332 3379 Sub
357 3307 523 3400 Philippo
546 3309 596 3379 II.
624 3307 719 3378 idem
743 3309 795 3378 De
822 3310 924 3399 Vaga
948 3310 1079 3380 iterum
1103 3307 1300 3381 introduxit
1335 3333 1501 3402 pragma·

163 3427 285 3512 ticam,
312 3423 494 3496 Officiales
519 3424 635 3514 Regni
660 3446 733 3496 non
759 3445 871 3516 posse
895 3425 941 3496 ab
972 3426 1169 3518 Episcopis
1192 3427 1369 3498 Censuris
1404 3429 1496 3498 mul·

168 3542 258 3612 ctari
283 3543 352 3613 nisi
377 3541 421 3612 de
445 3562 632 3612 consensu
655 3541 782 3630 Regis.
1361 3619 1365 3624 ¹

255 3658 430 3737 Quamvis
455 3659 550 3728 idem
575 3655 765 3750 Phiiippus
790 3657 839 3730 ΙΙ.
863 3657 1046 3748 jussisset
1085 3659 1272 3730 observari
1299 3659 1501 3734 Concilium

163 3775 428 3864 Tridentinum,
455 3785 575 3846 tamen
604 3776 776 3845 Vico-rex
799 3775 963 3847 loannes
1002 3777 1054 3845 De
1091 3773 1220 3866 Cerda,
1261 3795 1307 3846 ex
1345 3777 1499 3850 consilio

162 3891 413 3964 Ministrorum
437 3889 590 3978 Siciliae,
618 3876 809 3982 suspendit
843 3889 938 3966 idem
976 3891 1192 3982 Concilium,
1230 3903 1270 3964 ut
1308 3895 1500 3965 continens

162 4009 231 4078 tria
255 4005 418 4100 Capituia
443 4009 618 4095 injuriosa
645 4007 892 4097 Monarchiee,
930 4015 965 4079 et
1002 4007 1082 4080 Rex
1120 4030 1349 4082 consensum
1384 4009 1492 4082 dedit.

165 4127 208 4194 ln
232 4123 360 4194 eodem
401 4125 561 4195 Concilio
600 4123 811 4196 Tridentino
843 4127 1017 4218 Episcopi
1055 4126 1196 4197 Siciliae
1235 4130 1354 4220 questi
1394 4136 1497 4198 erant

162 4241 207 4310 de
245 4242 422 4312 violentiis
460 4242 594 4332 quibus
634 4241 896 4329 subdebantur,
923 4251 957 4313 et
987 4263 1048 4314 res
1085 4244 1231 4314 omnino
1257 4244 1493 4315 intolerabilis

167 4359 242 4427 visa
265 4365 321 4428 est
345 4357 526 4447 PatribuS,
552 4359 721 4449 quamvis
745 4357 789 4428 de
814 4381 859 4429 ea
883 4367 1024 4430 tantum
1049 4360 1247 4430 incidenter
1281 4369 1403 4431 actum
1436 4361 1495 4430 sit.

250 4476 357 4544 Anno
382 4475 481 4544 1570.
508 4481 668 4544 statutus
691 4482 748 4545 est
779 4476 921 4566 primus
955 4474 1070 4564 judex
1108 4475 1315 4549 ordinarius
1354 4477 1500 4548 Monar-

162 4589 278 4661 ciriee.
305 4591 360 4660 Ab
386 4593 454 4660 hoc
479 4600 641 4682 tempore
665 4591 731 4662 luit
755 4593 954 4662 continuus
978 4593 1123 4664 abusus
1148 4614 1263 4686 usqne
1288 4593 1334 4663 ad
1374 4603 1498 4666 nostra

169 4714 335 4797 tempora
357 4727 487 4799 nempe
511 4727 629 4800 usque
653 4707 699 4777 ad
723 4729 783 4778 an.
811 4707 910 4778 1870.

251 4821 446 4894 Pontifices
470 4844 556 4894 sese
581 4833 844 4914 opposuerunt.
871 4825 908 4891 S.
934 4825 1023 4896 Pius
1052 4827 1096 4896 V.
1125 4827 1265 4898 volebat
1297 4825 1493 4900 Interdicto
