4054 6322
940 1143 1121 1197 uurtntrto
1147 1141 1364 1197 CONCORDA'H
1419 1191 1422 1200 .

573 1301 652 1372 Nos
676 1299 830 1374 dicimus
855 1299 1081 1373 concordata
1104 1319 1213 1370 esse:
1261 1303 1452 1372 Tractatue
1491 1299 1588 1372 inter
1623 1301 1812 1371 Summum

485 1415 706 1512 Pontificem
730 1421 764 1490 et
788 1417 1014 1510 Principem,
1042 1417 1080 1486 in
1104 1439 1175 1514 quo
1200 1419 1371 1488 Summus
1395 1417 1594 1509 Pontiseer,
1613 1413 1815 1490 adinstan-

423 1531 427 1539 ’
486 1533 574 1604 liam
599 1533 806 1628 Principis,
830 1531 1021 1626 modificat
1042 1531 1171 1628 eliqua
1186 1539 1330 1628 puncta
1352 1532 1623 1604 ecclesiasticae
1652 1529 1819 1626 discipli·

484 1671 565 1739 nae,
590 1649 695 1722 umbo
721 1649 791 1722 illc
815 1649 1002 1722 firmantes
1026 1649 1217 1722 bileterali
1234 1656 1345 1746 poeto
1368 1656 1514 1722 mutuae
1544 1649 1718 1746 specialis
1757 1649 1816 1722 ob·

490 1768 705 1840 screantice.

938 1960 1119 2015 uurtnlrlo
1145 1960 1361 2016 structura

575 2117 801 2190 concordata
825 2123 980 2208 possunt
1003 2114 1225 2187 considerari
1251 2113 1369 2210 quoad
1404 2117 1588 2204 objectum
1624 2115 1721 2208 quod
1761 2127 1819 2190 est

486 2257 633 2328 semper
655 2233 925 2308 ecclesiasticae
948 2231 1173 2324 disciplinae,
1201 2239 1236 2304 et
1259 2231 1425 2304 consistit
1448 2233 1485 2302 in
1508 2232 1691 2326 aliquibus
1704 2233 1816 2305 modi·

485 2351 714 2424 ficationibus
736 2349 844 2422 iactis
868 2349 904 2419 in
927 2349 1110 2441 aliquibus
1134 2349 1279 2442 punctis
1302 2347 1528 2442 disciplinae,
1555 2357 1590 2421 et
1612 2357 1699 2422 tunc
1724 2351 1820 2424 Con-

486 2469 633 2542 cordata
656 2466 887 2540 considerata
910 2472 1051 2538 tantum
1074 2463 1194 2560 quoad
1218 2466 1397 2555 objectum
1420 2473 1507 2537 sunt
1530 2466 1632 2558 leges
1660 2465 1814 2558 particu-

485 2587 582 2658 lares
605 2584 857 2678 disciplinarss
880 2603 974 2676 quas
998 2582 1177 2656 Summus
1199 2581 1361 2652 Pontifex
1385 2581 1505 2654 condit
1528 2582 1574 2652 ad
1603 2581 1814 2654 instantiam

486 2701 665 2794 Principis
688 2700 844 2773 alicuius
869 2699 949 2787 loci,
969 2699 1143 2791 inspectis
1159 2697 1438 2790 particularibus
1453 2698 1739 2771 circumstantiis
1756 2700 1819 2770 ali·

488 2819 596 2891 euius
620 2818 751 2908 Regni,
777 2824 811 2887 et
834 2815 903 2887 hoc
927 2835 1043 2886 sensu
1068 2813 1294 2886 concordata
1317 2835 1389 2885 nen
1426 2823 1512 2886 sunt
1540 2823 1658 2908 pacta,
1689 2813 1756 2886 sed
1771 2815 1820 2886 le·

486 2957 553 3026 ges
577 2933 828 3027 particulares,
855 2939 890 3002 et
913 2930 959 3002 ad
982 2951 1049 3002 eas
1073 2931 1252 3002 Summus
1280 2931 1444 3002 Pontifex
1460 2938 1603 3004 tenetur
1619 2939 1658 3002 ut
1674 2930 1820 3022 legisla-

486 3060 542 3124 tor
565 3060 599 3123 et
622 3051 798 3142 Princeps
822 3056 862 3120 ut
875 3047 1044 3120 subditus
1062 3045 1370 3142 quemadmodum
1385 3048 1517 3120 ceteris
1533 3047 1690 3139 legibus.
1711 3049 1818 3119 Nunc

486 3169 686 3261 quaeritur:
714 3173 879 3258 potestne
904 3164 1082 3237 Summus
1105 3162 1268 3235 Pontiiex
1293 3151 1338 3233 et
1352 3163 1528 3256 Princeps
1552 3164 1703 3256 obligari
1722 3185 1817 3234 novo

488 3284 630 3355 vinculo
655 3280 896 3373 obligationis,
923 3287 1010 3371 puta
1028 3277 1271 3368 jurejurando
1295 3278 1352 3350 vel
1376 3278 1530 3350 solemni
1559 3279 1816 3371 promissione,

486 3399 532 3472 ad
556 3400 674 3491 legem
697 3398 744 3469 ad
767 3419 877 3490 quam
901 3397 1008 3468 ambo
1029 3396 1108 3485 jam
1132 3401 1299 3466 tenentur
1323 3393 1486 3466 Pontifex
1512 3403 1549 3466 ut
1565 3395 1751 3486 legislator
1784 3402 1818 3468 st

486 3515 662 3609 Princeps
685 3523 726 3586 ut
748 3513 943 3586 subditus?
965 3514 1070 3585 Oerte
1095 3519 1262 3604 possunt,
1289 3518 1325 3581 et
1348 3517 1434 3582 tunc
1451 3511 1497 3582 ad
1515 3511 1632 3603 legem
1647 3520 1820 3584 tenentur

485 3631 616 3723 duplici
642 3631 785 3704 vinculo
809 3630 1054 3722 obligationis,
1082 3628 1227 3700 vinculo
1252 3627 1357 3719 legis,
1384 3635 1418 3699 et
1458 3629 1603 3701 vinculo
1639 3629 1818 3701 solemnis

487 3747 754 3840 promissionis.
782 3747 826 3816 Et
848 3745 939 3818 haec
963 3746 1141 3817 solemnis
1165 3745 1352 3836 reciproca
1375 3744 1816 3838 promissioestpactum,

486 3863 594 3934 ambo
618 3863 715 3936 enim
740 3861 949 3954 promittunt
972 3859 1106 3954 aliquid
1131 3857 1176 3930 ad
1198 3858 1295 3954 quod
1318 3882 1392 3931 non
1420 3861 1646 3946 tenebantur,
1688 3881 1818 3954 nempe

490 3979 685 4072 specialem
709 3977 917 4050 fidelitatem
940 3977 1097 4049 debitam
1122 3999 1166 4047 ex
1190 3975 1339 4070 speciali
1365 3975 1518 4048 solemni
1559 3977 1816 4068 promissione,

487 4094 584 4189 quod
608 4103 664 4166 est
688 4102 833 4187 pactum
858 4093 1055 4183 bilaterale,
1082 4092 1223 4184 utrique
1240 4091 1336 4164 euim
1352 4092 1609 4164 contrahentes
1620 4092 1667 4165 ad
1683 4093 1818 4187 aliquid

487 4235 529 4284 se
553 4211 713 4302 obligant
736 4209 781 4281 ad
805 4209 902 4304 quod
925 4218 1033 4281 antea
1055 4231 1129 4280 non
1152 4209 1378 4292 tenebantur,
1405 4209 1540 4282 scilicet
1564 4209 1611 4280 ad
1625 4209 1723 4280 illam
1740 4231 1818 4303 par·

486 4328 674 4400 ticularem
699 4327 816 4418 legem
841 4325 1060 4398 servandam
1085 4325 1232 4416 speciali
1257 4324 1426 4395 fidelitate
1459 4345 1552 4418 quae
1591 4323 1745 4418 exurgit
1771 4347 1818 4398 ex

488 4451 592 4537 pacto
616 4442 775 4536 speciali·
801 4443 875 4514 Cur
898 4463 970 4513 non
995 4449 1052 4512 cst
1075 4445 1247 4534 pactum?
1269 4449 1325 4512 est
1354 4443 1561 4533 reciprocae
1585 4441 1748 4514 utilitatis
1770 4441 1818 4512 ad

485 4561 645 4653 quictem
666 4556 897 4648 servandam,
924 4565 960 4628 et
983 4558 1046 4644 ila,
1073 4565 1113 4629 ut
1137 4557 1186 4628 ait
1211 4555 1317 4628 Card.
1354 4558 1549 4645 Antonelli,
1586 4557 1817 4630 Concordeta

487 4683 573 4747 sunt
595 4682 771 4746 tractatus
795 4674 1105 4762 internetionales,
1131 4673 1191 4768 qui
1217 4680 1302 4744 sunt
1327 4673 1406 4745 sine
1430 4675 1644 4766 quaestione
1677 4681 1818 4746 contra·

487 4799 569 4863 ctus
595 4791 808 4862 bilaterales.

575 4907 668 4987 Hinc
690 4906 958 4985 concordatum
980 4905 1050 4979 dici
1074 4913 1194 5007 potest
1219 4907 1273 4987 vel
1298 4907 1356 4982 lex
1379 4905 1622 5007 particularis,
1642 4905 1816 4988 bilaterali
