4054 6322
446 763 626 866 'aa

483 995 499 1032 u
514 969 842 1056 (observationem)
855 968 1033 1062 quaelibet
1044 991 1130 1063 pars
1146 970 1437 1056 contraveniens,
1456 990 1522 1042 sen
1538 969 1814 1059 contrafaciens,

483 1085 682 1176 “praecise
706 1085 787 1178 cogi
815 1085 932 1177 pessit
949 1139 979 1178 ,.
1007 1085 1079 1157 Sed
1104 1087 1139 1156 in
1165 1109 1209 1158 ee
1234 1085 1461 1159 concordate
1492 1086 1657 1158 Ecclesia
1679 1109 1812 1159 ‘renun-

481 1202 542 1270 tiat
565 1201 813 1272 tantummode
838 1201 1056 1293 quibusdam
1079 1202 1186 1274 bonis
1209 1201 1468 1295 temporalibus
1492 1203 1528 1273 in
1545 1204 1676 1294 Regno
1701 1201 1815 1273 Bobe-

482 1316 575 1389 miae
587 1317 664 1405 jem
681 1315 876 1406 distractis,
895 1317 1016 1389 habita
1032 1341 1097 1411 pro
1114 1319 1412 1411 compensatione
1428 1319 1691 1390 Constitutione
1708 1325 1812 1390 taxae

482 1453 594 1525 super
618 1434 685 1503 sal.
720 1433 888 1506 Jamvere
911 1432 1008 1528 quod
1043 1435 1156 1505 semel
1181 1442 1215 1506 et
1239 1434 1406 1508 absolute
1440 1435 1638 1508 alienatum
1662 1443 1814 1504 estnon

482 1549 640 1643 amplius
663 1547 709 1621 ad
727 1550 931 1624 Ecclesiam
955 1559 1106 1643 spectat,
1125 1559 1159 1622 et
1177 1551 1312 1641 injuste
1335 1572 1378 1622 ac
1395 1549 1549 1622 invalido
1573 1557 1808 1642 repeteretur.

571 1773 649 1864 Art.
675 1795 741 1862 IV.
763 1835 803 1848 -
817 1794 980 1868 Statultur
1003 1797 1189 1884 conceptue
1203 1795 1396 1869 cenarem
1420 1797 1549 1884 sturme
1572 1793 1723 1867 minito.

573 2017 839 2091 concordatum
862 2027 918 2090 est
942 2021 1000 2091 lex
1025 2018 1256 2107 concordata,
1285 2039 1416 2111 nempe
1433 2015 1700 2090 concordatum
1729 2041 1812 2091 con·

484 2136 578 2206 sistit
600 2137 795 2227 praecipue
820 2137 855 2206 in
880 2137 961 2207 aius
985 2137 1138 2225 objecto,
1165 2135 1302 2207 scilicet
1326 2137 1360 2205 in
1385 2137 1465 2228 lege
1489 2135 1719 2230 disciplinari
1735 2157 1810 2205 me·

483 2251 625 2324 dificata
647 2274 670 2322 a
693 2254 846 2324 Summo
870 2253 1043 2323 Pontifice
1075 2253 1180 2341 juxta
1214 2238 1507 2324 circumstantias
1531 2251 1578 2322 ad
1602 2252 1813 2323 instantiam

484 2369 672 2458 Principia,
697 2368 794 2462 qued
817 2376 936 2438 tamen
978 2369 1172 2458 objectum,
1199 2369 1258 2440 lex
1283 2389 1412 2459 nempe
1437 2369 1485 2439 ita
1509 2366 1726 2458 modificata,
1753 2367 1814 2436 ad-

485 2484 596 2554 sumit
619 2485 652 2554 in
671 2482 897 2555 concordate
922 2505 1053 2555 nevam
1089 2485 1240 2557 formam
1264 2485 1350 2577 quin
1374 2483 1509 2554 amittat
1548 2485 1714 2574 primam,
1752 2483 1812 2556 ad·

414 2601 417 2608 ’
485 2600 596 2670 sumit
620 2622 750 2692 nempe
773 2601 926 2673 lerinam
951 2601 1054 2692 pecti.
1082 2603 1203 2672 Manet
1227 2621 1356 2693 nempe
1380 2599 1563 2690 objectum
1587 2600 1691 2690 legis,
1719 2607 1752 2669 et
1776 2609 1813 2672 ut

484 2715 542 2786 lex
565 2716 700 2806 obligat
734 2717 944 2789 Pontificem
968 2726 1003 2787 et
1026 2717 1248 2810 Principem,
1287 2717 1442 2809 primum
1477 2725 1518 2789 ut
1553 2715 1812 2808 legislatorem,

483 2831 634 2903 alterurn
661 2841 699 2904 ut
722 2832 921 2920 subditum,
948 2842 981 2904 et
1005 2835 1043 2903 fit
1068 2831 1196 2905 eedem
1221 2842 1383 2924 ternpore
1409 2833 1593 2921 objectum
1625 2833 1717 2925 pacti
1741 2853 1814 2926 quo

484 2947 661 3024 Summus
685 2949 847 3020 Pontifex
870 2956 905 3020 et
928 2949 1101 3042 Princeps
1138 2949 1350 3042 promittunt
1374 2971 1522 3021 servare
1546 2949 1645 3020 illam
1678 2969 1813 3020 novam

484 3061 800 3134 modificationem.
825 3064 915 3136 Hine
940 3066 1115 3158 estquod
1140 3066 1200 3136 illa
1235 3047 1454 3137 modificatio
1493 3072 1566 3138 stat
1588 3073 1624 3134 et
1652 3063 1816 3136 firmatur

484 3178 620 3270 duplici
645 3179 860 3271 obligatione
880 3181 993 3270 juxta*
1027 3181 1208 3273 duplicem
1233 3188 1401 3253 naturam
1437 3182 1531 3272 legis
1556 3187 1592 3254 et
1617 3180 1709 3272 pacti
1734 3200 1816 3271 spe·

484 3296 599 3384 cialiS,
627 3296 723 3368 unde
761 3298 900 3368 amissa
924 3298 956 3366 vi
981 3299 1086 3390 pacti,
1114 3321 1170 3370 ex.
1196 3321 1232 3390 g.
1271 3321 1319 3371 ex
1356 3298 1546 3369 violatione
1582 3295 1813 3382 conditionis

485 3410 604 3484 adhuc
628 3420 762 3484 statut
785 3414 856 3502 lex,
882 3421 916 3484 et
938 3413 1079 3485 amissa
1103 3415 1136 3484 vi
1162 3415 1255 3505 lagia
1279 3436 1328 3487 ex
1351 3413 1472 3508 aliqua
1495 3434 1610 3484 causa
1633 3413 1814 3484 eximente

483 3527 529 3597 ab
553 3528 769 3620 obligatione
793 3530 898 3621 legis,
924 3537 993 3602 stat
1016 3538 1056 3601 ut
1079 3530 1248 3622 obligatio
1272 3530 1379 3622 pacti.

553 3777 732 3832 nselmum
758 3780 848 3832 DATA
875 3781 896 3832 Α
924 3780 970 3832 DE
996 3779 1155 3833 camenis
1180 3779 1410 3835 consumma
1437 3780 1507 3833 NON
1535 3778 1763 3832 lomellina.
1810 3805 1812 3810 ·

574 3987 626 4059 De
651 3987 812 4060 Camillis
845 3988 969 4060 definit
1003 3987 1247 4062 Concordata:
1277 3993 1292 4030 ‘t
1318 3990 1511 4061 Selemnos
1546 3991 1735 4082 pactiones
1771 3985 1815 4058 de

489 4105 504 4140 e
530 4102 702 4176 limitibus
725 4107 949 4178 auctoritatis
974 4107 1066 4178 inter
1094 4105 1289 4179 Summum
1327 4107 1543 4180 Pontificem
1567 4115 1601 4176 et
1625 4105 1814 4197 Principes

489 4221 504 4258 “
530 4221 741 4292 saeculares
764 4221 871 4292 initae
896 4245 960 4313 pre
984 4221 1235 4295 moderamine
1259 4231 1377 4296 status
1392 4221 1814 4316 disciplinaris-peculia·

489 4339 611 4407 “rum
635 4337 884 4408 Ecclesiarum
907 4339 1062 4410 alicuius
1080 4341 1195 4432 Regni
1220 4341 1276 4411 rel
1302 4341 1480 4429 NationiS,
1506 4339 1552 4412 ad
1587 4359 1718 4432 pacem
1759 4359 1815 4408 re·

488 4453 503 4492 ‘⁴
529 4451 727 4542 parandam
750 4454 806 4524 vel
831 4453 1050 4526 servandam
1074 4455 1165 4527 inter
1188 4455 1440 4528 Sacerdotium
1478 4463 1513 4527 et
1551 4456 1767 4547 Imperium.
1797 4509 1813 4547 „

574 4568 673 4639 Haec
695 4569 853 4640 definitio
878 4572 1119 4642 communiter
1141 4595 1214 4644 non
1238 4572 1433 4645 admittitur
1456 4572 1567 4644 utiait
1582 4573 1816 4644 clarissimus

485 4685 666 4774 (lavagnis
690 4684 725 4755 in
749 4705 817 4756 sne
843 4685 978 4777 Opere:
1006 4687 1255 4762 institutiones
1278 4689 1377 4760 luris
1394 4688 1530 4761 Publici
1549 4687 1806 4760 Ecclesiasticl.

484 4802 576 4872 Pars
593 4895 597 4902 ἡ
613 4799 814 4874 Generalis.
864 4803 954 4895 Peg.
1004 4805 1111 4894 388.,
1159 4811 1193 4878 et
1232 4802 1372 4880 videtur
1409 4827 1483 4880 non
1529 4825 1643 4900 posse
1666 4802 1814 4880 wadmitti
