4054 6322
1352 846 1416 944 77¹

219 1053 440 1110 Paoroslrlo.
479 1072 529 1087 ···
554 1051 782 1104 corleonem
809 1049 896 1106 SUNT
923 1047 1146 1104 consulatus
1173 1044 1422 1101 altercantes

215 1247 473 1334 'Concordata
498 1267 583 1334 sunt
606 1265 817 1331 contractus
857 1258 1061 1330 bilaterales
1100 1257 1187 1348 quia
1222 1254 1494 1326 concordatum

155 1390 214 1452 est
238 1379 408 1470 obligatio
431 1377 589 1450 duorum
613 1377 648 1446 in
673 1376 767 1446 idem
792 1375 976 1468 placitum,
1003 1394 1072 1445 seu
1089 1372 1135 1444 ad
1152 1371 1314 1444 dandum
1331 1371 1417 1463 quid
1435 1370 1491 1440 vel

156 1494 375 1582 laciendum,
402 1494 437 1563 ln
461 1491 700 1565 Concordetis
725 1493 822 1563 enim
846 1493 1023 1563 Summus
1064 1489 1227 1559 Pontifex
1251 1495 1286 1558 et
1312 1487 1492 1577 Princeps

155 1615 252 1684 lacto
276 1613 463 1699 Tractatu,
488 1611 549 1701 qui
573 1610 609 1679 in
632 1608 872 1680 Concordatis
896 1615 952 1680 est
988 1627 1134 1698 semper
1172 1607 1269 1676 circa
1308 1603 1493 1674 Ecclesia·

157 1731 289 1800 stlcam
312 1727 553 1818 disciplinam,
580 1726 746 1796 consistit
770 1746 899 1816 nempe
924 1725 958 1795 in
983 1724 1104 1814 alique
1129 1719 1407 1821 modificatione
1423 1719 1488 1790 Ec·

156 1844 385 1916 clesiasticae
409 1843 632 1934 disciplinae,
658 1843 752 1915 facto
776 1842 923 1934 inquam
947 1841 1118 1912 Tractatu
1157 1839 1265 1910 embo
1294 1859 1380 1910 sese
1405 1837 1493 1906 obli-

156 1970 246 2052 gant
268 1960 315 2030 ad
350 1961 460 2032 istum
498 1958 770 2040 observandum
805 1958 952 2048 speciali
991 1956 1134 2030 vinculo
1171 1977 1234 2047 per
1259 1962 1405 2046 pactum
1431 1975 1487 2023 so·

156 2079 299 2164 lemna,
327 2077 423 2148 unde
447 2076 493 2146 ad
517 2076 628 2148 istum
656 2074 865 2146 Tractatum
889 2077 1331 2164 obliganturnontantum
1355 2070 1495 2160 obliga·

157 2195 255 2266 tione
293 2216 364 2287 que
402 2201 571 2264 tenentur
594 2214 658 2286 pro
683 2213 910 2286 quacumque
936 2193 1028 2283 lege,
1054 2192 1234 2262 Summus
1265 2187 1428 2258 Pontifex
1455 2191 1494 2256 ut

158 2311 358 2402 legislator,
385 2317 418 2379 et
443 2310 619 2399 Princeps
642 2317 681 2384 ut
716 2309 908 2396 subditus,
935 2307 1132 2378 sedetiam
1169 2305 1318 2397 speciali
1359 2302 1495 2392 obliga-

157 2429 255 2500 tione
278 2450 322 2498 ex
348 2435 472 2518 pacto,
490 2449 581 2518 quae
607 2426 778 2518 specialis
801 2425 973 2516 obligatio
996 2447 1069 2518 quo
1103 2424 1206 2494 ambo
1243 2411 1309 2513 per
1345 2426 1492 2512 pactum

158 2563 245 2614 sese
270 2543 431 2646 obligant
452 2542 497 2614 ad
521 2541 729 2613 Tractatum
753 2563 821 2614 seu
844 2541 890 2612 ad
916 2563 1046 2613 novam
1070 2541 1188 2631 legem
1224 2537 1493 2628 disciplinalem

158 2658 424 2730 observandam
449 2657 632 2730 constituit
658 2666 810 2748 pactum
833 2659 1030 2730 bilaterale.
1050 2657 1278 2728 concordata
1301 2675 1391 2744 ergo
1408 2657 1495 2722 sunt

157 2775 271 2846 Pacta
295 2775 509 2846 bilateralie.

248 2891 347 2962 Haec
369 2891 532 2961 doctrina
555 2897 649 2984 petet
674 2891 709 2960 in
735 2892 887 2981 epistola
926 2890 1031 2962 Card.
1064 2889 1244 2960 Antonelli
1270 2889 1316 2958 ad
1339 2885 1487 2976 Praesi-

156 3005 241 3078 dem
265 3007 401 3096 Consilj
427 3007 677 3080 Ministrorum
701 3007 890 3080 Sardiniae
915 3007 1067 3080 subdia
1091 3011 1146 3078 19.
1174 3005 1259 3076 lulli
1287 3007 1385 3077 1890.

197 3253 365 3310 srrsrom
391 3254 495 3308 enno.
525 3255 722 3308 nnrouucn
750 3257 794 3308 nn
822 3256 1021 3310 rnnesocu
1046 3255 1182 3309 consur
1211 3252 1455 3308 mmsrnonon

478 3379 667 3436 stannum
693 3379 757 3435 sun
782 3381 842 3436 nm
870 3363 930 3434 19.
958 3381 1036 3474 suns
1064 3362 1173 3436 1850.

250 3617 266 3652 ιι
293 3591 357 3658 Nei
384 3589 532 3681 predetti
556 3593 705 3662 Trattati
730 3593 886 3683 peraltro
911 3614 952 3664 se
977 3615 1050 3664 non
1076 3593 1178 3662 viena
1216 3590 1417 3662 scambiata
1458 3589 1494 3659 la

159 3732 174 3768 ιι
201 3713 333 3776 natura
355 3705 600 3797 dell’oggetto
625 3706 691 3778 che
716 3715 736 3779 e
761 3729 907 3800 sempre
930 3709 965 3778 di
991 3709 1250 3780 Ecclesiastico
1285 3705 1490 3797 disciplina,

159 3849 174 3885 ιι
200 3821 360 3892 soltanto
385 3823 418 3892 si
442 3822 554 3894 lenno
577 3823 670 3894 delle
695 3824 955 3898 modificationl
981 3827 1017 3894 in
1042 3824 1161 3899 alcuni
1187 3825 1286 3915 punti
1304 3822 1399 3894 della
1415 3829 1489 3892 me‘·

160 3967 173 3998 ι
199 3936 353 4025 desima,
380 3939 412 4008 le
435 3937 668 4031 disposizioni
696 3943 851 4032 peraltro
876 3941 943 4012 che
968 3942 999 4010 vi
1025 3942 1056 4010 si
1081 3949 1324 4030 contengono,
1366 3939 1486 4031 acqui-

160 4080 175 4117 ιι
203 4061 309 4123 steno
333 4053 513 4126 mediante
538 4055 572 4125 la
596 4055 748 4127 solenne
773 4058 997 4130 intervenuta
1022 4055 1257 4148 stipulacione
1294 4077 1369 4128 uua
1391 4055 1491 4128 iorza

161 4196 176 4232 ι
202 4169 360 4260 speciale
385 4169 419 4240 di
444 4173 674 4262 reciprocae
699 4174 759 4266 pitr
798 4181 923 4246 stretta
963 4195 1186 4247 osservanza
1217 4195 1281 4264 per
1305 4179 1409 4265 parte
1433 4173 1490 4244 dei

159 4312 175 4348 ι
201 4286 427 4370 contraenti;
468 4287 616 4360 cosichd
641 4311 704 4380 per
727 4297 857 4384 questo
881 4291 953 4362 leto
977 4291 990 4358 1
1015 4289 1164 4362 Trettati
1205 4291 1316 4362 stessi
1347 4298 1483 4360 mentre

161 4428 176 4464 ιι
200 4424 274 4472 non
299 4401 461 4474 lasciano
485 4403 519 4474 dl
543 4425 670 4476 essere
694 4407 750 4474 nel
776 4406 853 4476 loro
879 4414 1021 4498 oggetto
1037 4406 1072 4477 di
1089 4405 1279 4500 disciplina
1303 4407 1487 4480 Ecclesia·

160 4543 176 4580 ιι
202 4517 304 4602 stica,
330 4539 533 4592 assumono
557 4529 644 4611 perd
668 4521 702 4592 la
725 4523 985 4594 caratteristica
1008 4522 1042 4592 di
1066 4523 1149 4616 quei
1174 4522 1241 4594 che
1265 4523 1404 4594 dicensi
1435 4524 1486 4594 in·

160 4633 482 4706 “ternazionalin
538 4683 543 4692 .

248 4751 341 4821 Nota
363 4751 459 4844 quod
483 4751 676 4826 Tractatus
700 4753 996 4832 lnternationales
1037 4765 1122 4832 sunt
1157 4763 1366 4835 contractus
1404 4757 1490 4836 bila-

157 4865 302 4940 tereles.
570 4882 571 4887 ‘
