4054 6322
196 1097 232 1163 et
268 1089 424 1184 suscipit
447 1113 570 1164 curam
595 1093 701 1162 etiam
728 1091 809 1160 boni
836 1090 1056 1183 temporalis.
1083 1090 1176 1162 Hinc
1200 1091 1366 1162 Ecclesia
1392 1112 1538 1183 semper

196 1211 302 1280 babet
343 1216 558 1300 potestatem
599 1209 809 1278 indirectam
847 1208 883 1277 in
924 1209 1148 1298 temporalia,
1174 1231 1267 1300 quae
1303 1207 1470 1280 consistit
1496 1207 1532 1278 in

196 1332 375 1419 potestate
399 1325 567 1416 exigendi
593 1325 728 1396 bonum
753 1325 990 1414 temporales
1014 1325 1191 1396 Societata
1209 1324 1328 1410 Givili,
1342 1345 1453 1416 quam
1470 1347 1534 1416 po·

196 1450 365 1514 testatem
389 1463 565 1513 vocamus
590 1439 799 1514 indirectam
825 1439 1058 1529 ordinariam,
1083 1441 1118 1512 id
1143 1448 1198 1512 est
1223 1440 1434 1512 indirectam
1448 1463 1535 1514 exa-

195 1561 336 1631 ctivam.
361 1558 510 1630 Deiectu
534 1565 655 1629 autem
679 1557 874 1630 Potestatis
898 1556 1023 1629 Civilis
1047 1556 1154 1630 habet
1192 1564 1408 1650 potestatem
1448 1579 1533 1650 sup·

198 1674 315 1768 piendi
358 1698 421 1767 par
461 1675 634 1768 seipsam,
675 1696 744 1747 seu
768 1673 991 1768 suscipiendi
1032 1696 1160 1746 curam
1185 1673 1268 1748 boni
1307 1675 1532 1766 temporalia,

196 1815 306 1886 quam
330 1799 545 1884 potestatem
588 1813 765 1865 vocamus
806 1791 1017 1862 indirectam
1055 1790 1395 1882 extraordinariam,
1441 1791 1535 1865 idest

198 1907 409 1980 indirectam
426 1909 681 2001 suppletivam.
696 1905 799 1980 Hanc
813 1915 1030 2000 potestatem
1042 1906 1254 1984 indirectam
1267 1907 1303 1978 in
1321 1909 1535 2002 temporalia

196 2023 518 2096 extraordinariam
535 2046 602 2096 seu
616 2025 857 2117 suppletivam
882 2033 1123 2098 exercuerunt
1137 2024 1256 2096 Medio
1279 2047 1371 2098 aevo
1388 2025 1530 2097 Summi

197 2143 403 2230 Pontifices
419 2141 497 2214 sive
510 2142 545 2212 in
560 2141 795 2231 Neo-Regnis
808 2140 1071 2213 constituendis
1084 2141 1162 2212 sive
1175 2141 1386 2234 dirigendiS,
1406 2142 1532 2213 sivein

197 2260 359 2350 Regibus
378 2259 641 2331 consecrandis
665 2259 743 2330 sive
766 2258 1005 2350 deponendis,
1033 2259 1111 2330 sive
1135 2258 1254 2329 dando
1280 2261 1531 2331 investituram

200 2397 377 2448 novorum
394 2377 606 2468 Regnorum
632 2376 665 2444 in
692 2373 862 2447 Ameriae
882 2376 989 2464 juxta
1013 2375 1163 2468 regulas
1175 2375 1349 2464 justitiae.
1364 2375 1420 2446 Ad
1435 2397 1529 2470 quae

198 2492 318 2563 omnia
334 2495 511 2592 Summus
528 2491 689 2562 Pontifex
703 2491 827 2562 habuit
834 2491 900 2580 jus
914 2494 971 2563 vel
983 2513 1030 2564 ex
1043 2492 1252 2584 Principum
1263 2493 1445 2564 uoluntate
1477 2493 1530 2564 vel

196 2628 243 2680 ex
260 2609 490 2696 necessitate,
517 2609 694 2681 Summus
734 2609 831 2678 enim
848 2607 1014 2680 Pontifex
1038 2609 1105 2680 etsi
1131 2629 1196 2700 pro
1221 2610 1317 2680 bono
1350 2609 1528 2701 spirituali

196 2725 356 2816 indigeat
368 2725 570 2817 temporali,
597 2733 717 2798 tamen
742 2724 787 2796 de
813 2723 880 2796 hoc
905 2747 977 2796 non
1004 2725 1159 2817 suscipit
1181 2724 1415 2798 directionem
1457 2727 1527 2797 nisi

198 2841 495 2931 extraordinarie,
516 2831 584 2912 seu
601 2863 648 2913 ex
665 2841 897 2928 necessitate,
917 2841 951 2912 id
983 2850 1039 2912 est
1062 2840 1251 2918 deficiente
1280 2849 1457 2934 potestate
1483 2843 1532 2914 ci-

195 2959 266 3046 vili,
281 2979 374 3051 quae
388 2958 538 3030 defectio
550 2958 806 3030 verificabatur
818 2959 974 3030 maxime
988 2959 1023 3027 in
1034 2957 1304 3044 constitutione,
1319 2965 1354 3030 et
1366 2958 1531 3031 directio-

194 3095 239 3145 ne
253 3075 569 3166 Neo·Regnorum,
586 3073 704 3146 Media
728 3081 857 3163 aetate,
884 3073 932 3144 ita
956 3083 994 3146 ut
1008 3073 1157 3146 directio
1171 3074 1358 3147 Ecclesiae
1372 3075 1408 3145 in
1425 3076 1530 3146 Stati·

195 3191 277 3278 bus,
302 3191 408 3262 etiam
432 3190 552 3284 quoad
577 3191 801 3284 temporalia,
832 3199 866 3261 et
890 3211 1072 3282 personas
1096 3189 1318 3282 Principum,
1360 3193 1528 3264 invocata

191 3306 297 3379 fuerit
320 3307 366 3378 ab
382 3307 474 3399 ipsis
490 3307 730 3399 Principibus,
749 3315 783 3377 et
799 3307 955 3399 populiS,
975 3306 1053 3377 sive
1070 3329 1134 3398 pro
1150 3305 1292 3378 interna
1306 3307 1521 3398 directione,

194 3424 271 3494 sire
294 3423 341 3493 ad
364 3445 491 3515 pacem
515 3421 721 3512 fovendam,
747 3424 825 3494 sive
850 3423 896 3493 ad
912 3445 1144 3497 communem
1159 3421 1410 3495 defensionem
1427 3423 1529 3494 Chri·

194 3539 387 3611 stianitatis
412 3553 538 3611 eontra
562 3541 781 3612 Saracenos.
1062 3543 1071 3558 '

281 3655 473 3748 Spirituale
511 3663 568 3727 est
617 3679 823 3728 connexum
847 3679 931 3728 cum
959 3657 1160 3749 temporali,
1202 3657 1286 3728 binc
1325 3658 1526 3730 auctoritas

192 3772 389 3864 spiritualis
427 3795 521 3865 quae
545 3771 651 3843 habet
674 3794 800 3844 curam
825 3773 909 3844 finis
934 3773 1146 3865 spiritualis,
1173 3771 1363 3846 deficiente
1402 3783 1527 3845 aucto·

192 3891 294 3961 ritate
316 3889 518 3980 temporali,
545 3889 650 3961 debet
675 3891 846 3980 supplere
869 3889 1160 3981 protemporali,
1186 3887 1284 3982 quod
1309 3897 1459 3960 vocatur
1476 3890 1527 3960 in-

191 4007 328 4078 directa
352 4005 593 4096 competentia
616 4005 651 4076 in
676 4005 900 4098 temporalia.

283 4124 422 4196 Eadem
445 4123 584 4195 ratione
607 4124 804 4194 auctoritas
830 4123 946 4194 civilis
962 4145 1056 4216 quae
1074 4123 1179 4196 habet
1196 4145 1324 4194 curam
1340 4124 1424 4196 finis
1439 4132 1526 4196 tem-

194 4242 328 4334 poralis
352 4239 541 4311 ordinandi
565 4238 612 4310 ad
636 4240 745 4310 finem
770 4239 1008 4332 spiritualem,
1034 4239 1140 4314 debet
1156 4261 1229 4310 non
1246 4241 1367 4312 solum
1392 4242 1440 4311 ita
1465 4263 1526 4312 res

191 4357 409 4450 temporales
432 4355 600 4446 dirigere,
626 4363 665 4427 ut
689 4357 940 4448 spiritualibus
964 4379 1035 4428 non
1061 4365 1301 4449 opponantur,
1328 4357 1394 4430 sad
1420 4365 1457 4428 ut
1474 4357 1522 4429 ad

192 4473 392 4566 spiritualia
417 4473 615 4545 inserviant
639 4480 677 4544 ut
701 4472 832 4562 media,
858 4473 955 4566 quod
978 4472 1108 4546 dicitur
1131 4473 1375 4546 subordinari.

280 4589 445 4661 Ecclesia
469 4589 578 4660 babet
597 4590 663 4678 jus
687 4588 901 4661 defendendi
926 4612 1034 4660 suam
1058 4590 1299 4678 existentiam,
1326 4599 1360 4662 et
1383 4590 1524 4662 incolu-

192 4705 365 4792 mitatem,
408 4705 486 4776 sire
521 4711 647 4776 contra
687 4704 865 4796 infideles,
892 4707 969 4777 sive
1008 4713 1135 4778 contra
1159 4706 1315 4778 rebelles
1339 4706 1520 4797 subditos,

191 4819 273 4896 hinc
297 4829 440 4920 praeter
464 4843 602 4918 poenas
627 4823 834 4917 spirituales
857 4823 993 4919 indiget
1017 4822 1053 4894 vi
1069 4830 1221 4913 armata,
1239 4844 1350 4917 quam
1374 4823 1522 4917 quidem
