4054 6322
571 793 618 864 62

479 965 605 1036 amittit
628 985 739 1038 suum
764 963 940 1035 luminare
964 969 998 1034 et
1021 955 1226 1054 exemplum
1243 960 1465 1042 moralitatis,
1492 967 1530 1030 et
1551 969 1657 1034 actus
1680 963 1804 1038 Status

472 1083 628 1175 separati
677 1082 722 1152 ab
753 1081 920 1151 Ecclesia
945 1101 1017 1151 non
1043 1088 1128 1150 sunt
1151 1079 1307 1170 perfecte
1331 1077 1492 1166 humani,
1518 1101 1603 1152 cum
1632 1103 1705 1152 non
1729 1102 1804 1154 res-

472 1199 653 1292 pondeant
687 1195 961 1288 linispirituali
989 1195 1037 1268 ad
1061 1216 1170 1290 quem
1196 1195 1305 1266 homo
1329 1217 1401 1267 non
1427 1203 1546 1287 potest
1584 1217 1670 1268 esse
1706 1197 1805 1269 indif-

467 1316 602 1404 ferenS,
629 1315 712 1386 hine
737 1315 893 1386 breviter
916 1312 1042 1384 Status
1068 1319 1263 1404 separatus
1286 1311 1333 1382 ab
1350 1310 1515 1384 Ecclesia
1531 1311 1654 1383 incidit
1677 1314 1712 1386 in
1738 1313 1801 1386 he·

471 1433 678 1504 betudinem
695 1429 931 1524 spiritualem,
958 1451 1051 1523 quae
1077 1428 1237 1500 exsiccat
1259 1451 1322 1500 cor
1346 1428 1505 1499 hominis
1529 1429 1577 1500 ita
1615 1451 1681 1520 spe
1719 1432 1802 1504 boni

470 1547 671 1642 spiritualis
696 1547 923 1637 destitutum,
950 1555 986 1618 et
1009 1544 1155 1617 tandem
1180 1543 1304 1615 recidit
1329 1547 1364 1614 in
1385 1544 1647 1636 aegritudinem
1670 1556 1705 1620 et
1720 1548 1804 1620 inle-

473 1667 655 1736 lioitatem.
683 1664 734 1736 lta
762 1663 893 1735 accidit
916 1661 1139 1754 deplorando
1163 1663 1330 1754 exemplo
1353 1663 1444 1732 inter
1467 1664 1728 1753 protestantes,
1741 1665 1803 1758 qui

470 1783 538 1854 etsi
563 1781 660 1854 omni
688 1779 884 1874 temporali
910 1778 1162 1852 commoditate
1191 1779 1384 1872 gaudeant,
1425 1786 1544 1851 tamen
1572 1781 1804 1872 spiritualiter

402 1880 404 1884 ⁵
470 1907 589 1992 egent,
615 1905 649 1970 et
676 1896 824 1990 proinde
849 1897 961 1990 vitam
984 1895 1111 1968 vivunt
1135 1895 1214 1967 sine
1240 1916 1326 1968 vera
1349 1895 1525 1968 felicitate.
1581 1888 1588 1914 K

1035 2092 1236 2148 ΟΡΡΟΝΠΝΤ.

557 2255 672 2323 Nemo
697 2267 783 2352 sese
811 2258 968 2342 opponet
992 2248 1179 2322 Ecclesiae
1203 2251 1234 2321 si
1247 2251 1413 2322 Ecclesia
1429 2251 1587 2323 manebit
1604 2253 1801 2324 intrasuos
1834 2301 1838 2310 .

471 2369 614 2456 limites,
641 2369 672 2438 si
698 2350 828 2461 nempe
853 2367 987 2438 nonsit
1011 2367 1192 2439 contraria
1215 2367 1358 2458 legibus
1383 2367 1517 2439 Statua.

560 2487 654 2576 neap.
673 2524 716 2538 -
735 2483 903 2556 Ecclesia
927 2482 1034 2553 habet
1053 2483 1119 2573 jus
1144 2481 1317 2576 sequendi
1346 2485 1530 2555 veritatem
1555 2491 1589 2556 et
1608 2485 1799 2574 justitiam.

468 2603 639 2674 Doctrina
661 2609 696 2673 et
718 2589 867 2672 directio
892 2599 1083 2670 Ecclesiae
1109 2607 1165 2671 est
1180 2598 1344 2670 doctrina
1360 2607 1394 2670 et
1409 2599 1558 2672 directio
1584 2601 1743 2673 veritatis
1767 2609 1801 2672 et

468 2719 638 2808 justitiae,
664 2718 748 2788 hinc
772 2717 805 2786 in
832 2715 1021 2810 sequenda
1046 2716 1194 2786 veritate
1218 2724 1252 2788 et
1270 2717 1414 2805 justitia
1432 2717 1598 2788 Ecclesia
1615 2709 1722 2788 habet
1739 2719 1801 2807 jus

331 2877 338 2890 ·
469 2843 504 2906 et
527 2833 720 2928 aliquando
746 2833 1002 2924 obligationem
1027 2853 1112 2904 sese
1136 2831 1353 2904 defendendi
1378 2831 1486 2904 modo
1521 2833 1681 2924 legitimo
1713 2856 1798 2907 con·

467 2958 524 3024 tra
548 2951 827 3044 oppressionem
852 2951 976 3020 Status
999 2950 1053 3020 vel
1087 2949 1231 3043 iniquas
1267 2948 1382 3040 lagae,
1410 2957 1443 3020 et
1478 2949 1605 3022 fideles
1643 2957 1798 3042 possunt

470 3065 642 3157 legitimis
667 3064 783 3138 modis
807 3085 848 3136 se
872 3066 965 3136 tueri
982 3071 1110 3136 contra
1127 3065 1404 3158 oppressionem
1423 3067 1554 3154 status,
1573 3067 1650 3137 siva
1667 3065 1799 3137 directe

472 3204 536 3274 per
559 3203 613 3272 se,
641 3182 718 3254 sive
742 3179 966 3274 protegendo
991 3181 1209 3270 Ecclesiam,
1245 3203 1338 3272 quae
1362 3180 1502 3252 desua
1526 3189 1712 3254 naturaet
1737 3204 1801 3274 per

468 3299 760 3371 antonomasiam
785 3306 840 3368 est
864 3299 1058 3390 protectrix
1078 3297 1257 3386 justitiae.
1615 3295 1635 3316 “’

559 3417 730 3487 Formula
757 3415 925 3488 “Libera
951 3415 1086 3486 Cbicsa
1110 3415 1149 3484 in
1174 3413 1289 3486 libero
1315 3419 1454 3504 stato,
1481 3423 1538 3486 est
1564 3436 1649 3486 vera
1673 3415 1708 3486 in
1733 3415 1801 3487 boc

469 3552 597 3620 sensu,
623 3530 719 3624 quod
743 3552 875 3622 nempe
901 3531 1066 3602 Ecclesia
1101 3531 1167 3602 erit
1196 3531 1310 3602 libera
1333 3531 1363 3600 si
1390 3531 1515 3603 Status
1540 3533 1608 3602 erit
1631 3531 1731 3620 liber,
1765 3531 1800 3600 id

469 3657 526 3720 est
549 3649 579 3720 si
605 3647 777 3720 Catholici
801 3647 984 3738 gaudeant
1007 3669 1094 3720 vera
1117 3649 1280 3720 libertate
1298 3648 1403 3732 civili,
1421 3655 1507 3720 tunc
1525 3649 1623 3720 enim
1639 3649 1695 3718 vel
1713 3647 1798 3718 obti-

468 3787 555 3838 nere
578 3771 735 3850 possunt
758 3763 958 3836 libertatem
982 3773 1016 3838 et
1039 3765 1298 3858 protectionem
1322 3765 1455 3852 cultus,
1482 3767 1512 3836 si
1538 3765 1737 3838 auctoritas
1755 3763 1801 3836 sit

469 3881 714 3970 Monarchica,
734 3881 789 3951 vel
807 3882 838 3950 si
863 3879 1100 3972 Polyarchica
1123 3889 1281 3974 possunt
1304 3904 1347 3951 ex
1373 3881 1507 3973 seipsis
1524 3879 1679 3952 condere
1699 3881 1800 3971 leges

469 3996 726 4070 subordinatas
751 3997 951 4069 Ecclesiae.
979 3997 1242 4090 Unusquisque
1266 3997 1357 4067 civis
1382 3995 1458 4068 vult
1481 3997 1516 4067 in
1541 3997 1721 4068 Societate
1744 4004 1796 4066 tu·

470 4121 542 4183 tam
566 4134 674 4183 suam
698 4111 960 4184 conscientiam
984 4115 1019 4183 in
1044 4111 1241 4205 sequendis
1273 4113 1418 4204 legibus
1451 4113 1586 4206 quibus
1620 4113 1799 4184 Societate

468 4229 716 4319 adstringitur,
743 4238 778 4300 et
800 4227 847 4300 ad
871 4227 940 4301 hoc
963 4229 1072 4302 habet
1091 4231 1157 4319 jus
1182 4237 1215 4302 et
1244 4231 1352 4302 etiam
1387 4229 1641 4321 obligationem
1677 4229 1708 4298 si
1744 4236 1799 4299 est

469 4346 559 4416 civis
583 4345 671 4415 liber
695 4353 730 4416 et
754 4367 826 4416 non
851 4366 984 4418 servus
1002 4347 1036 4417 in
1054 4347 1242 4418 Societate.
1262 4347 1432 4418 Janivero
1459 4345 1624 4416 Ecclesia
1641 4354 1697 4416 est
1713 4343 1799 4415 fide-

370 4485 375 4494 ·
469 4462 512 4531 lis
537 4466 715 4554 interpres
751 4462 900 4532 rationis
935 4470 970 4534 et
1004 4463 1265 4550 RevelationiS,
1293 4462 1473 4536 etlumen
1504 4461 1722 4532 fidissimum
1754 4461 1799 4531 ad

466 4577 730 4649 ¹conscientiam
754 4577 980 4670 dirigendam
1006 4585 1041 4651 et
1060 4579 1241 4668 justitiam
1266 4577 1498 4650 servandam.

558 4692 798 4795 Unusquique
823 4715 910 4793 ergo
934 4694 1037 4784 civis,
1063 4695 1124 4796 qui
1149 4695 1196 4766 sit
1219 4695 1322 4788 liber,
1349 4695 1425 4770 vult
1441 4695 1476 4766 in
1494 4695 1674 4772 Societate
1699 4695 1799 4795 leges

868 4967 872 4976 ⁶
900 5037 911 5124 l
