4054 6322
608 762 629 832 8

507 942 588 1008 tura
612 942 645 1005 et
670 943 793 1007 rectus
817 933 905 1005 ordo
931 934 1103 1025 requiret,
1129 955 1196 1004 seu
1222 955 1378 1026 persona
1410 943 1443 1005 et
1468 935 1584 1006 ferma
1608 955 1693 1028 prae
1711 935 1841 1004 ceteris

509 1053 629 1144 magis
653 1050 783 1126 idonea
806 1051 849 1121 ad
876 1052 985 1122 finem
1010 1071 1077 1121 seu
1101 1048 1147 1120 ad
1172 1051 1306 1120 bonum
1331 1072 1538 1121 commune.
1784 1055 1786 1060 ’

420 1153 423 1158 ’
597 1163 884 1258 Reep..-Etiam
909 1168 944 1236 in
970 1188 1062 1238 casu
1086 1166 1297 1240 societatem
1316 1160 1473 1257 'semper
1504 1165 1662 1256 pendere
1685 1189 1707 1236 a
1732 1167 1842 1237 libera

508 1287 689 1357 voluntate
715 1284 915 1372 hominum,
943 1285 1051 1354 etiam
1075 1283 1170 1353 enim
1195 1284 1354 1354 societas
1377 1289 1476 1355 recta
1510 1304 1595 1354 cum
1630 1283 1841 1355 auctoritate

403 1437 405 1443 v
508 1411 603 1474 recte
627 1401 824 1472 constituta
847 1421 919 1472 nen
945 1408 1002 1470 est
1026 1401 1208 1488 objectum
1232 1397 1279 1470 ad
1302 1398 1398 1492 quod
1415 1400 1626 1472 necessario
1642 1399 1838 1486 tendimus

507 1541 576 1590 sen
600 1519 752 1590 felicitas
777 1519 811 1588 in
836 1539 949 1589 sensu
973 1518 1144 1608 generice
1168 1525 1314 1609 sumpta
1350 1537 1413 1608 per
1449 1517 1560 1588 libera
1592 1516 1711 1588 media
1738 1537 1840 1588 asse-

507 1633 665 1726 quenda,
692 1635 778 1716 hinc
803 1628 896 1706 hanc
920 1635 1130 1706 societatem
1154 1643 1311 1726 possunt
1348 1634 1517 1705 homines
1540 1634 1761 1706 constituere
1786 1634 1840 1705 vel

507 1773 595 1839 non,
621 1759 658 1830 et
681 1750 768 1824 huic
792 1751 955 1824 societati
981 1763 1076 1824 recte
1111 1751 1294 1823 costitutae
1329 1759 1483 1842 possent
1515 1751 1625 1822 libere
1661 1749 1840 1822 adsociari

510 1870 566 1942 vel
589 1889 676 1956 non,
702 1877 854 1961 possent
878 1869 985 1940 istam
1003 1868 1065 1938 vel
1090 1868 1198 1938 aliam
1221 1867 1367 1958 eligere.

599 1985 755 2077 Insuper
779 1973 1034 2078 respondendo
1058 1986 1178 2073 magis
1200 1983 1334 2056 directe
1368 1984 1414 2054 ad
1438 1983 1682 2058 difficultatem
1711 1985 1841 2077 quaeri·

385 2082 386 2086 Ἴ
509 2125 610 2176 mus:
636 2101 886 2197 quisnhabebit
906 2103 971 2190 jus
996 2101 1030 2172 in
1067 2123 1158 2174 casu
1195 2101 1453 2194 interpretandi
1488 2108 1668 2190 naturam,
1694 2109 1729 2172 et
1760 2102 1841 2174 eliis

506 2219 648 2292 dicendi
672 2239 780 2313 quem
804 2217 932 2290 debeat
956 2239 1043 2290 esse
1068 2219 1275 2307 subjectum
1293 2228 1327 2290 et
1343 2217 1459 2289 forma
1482 2218 1717 2292 Auctoritatis
1734 2220 1841 2309 juxta

508 2343 643 2410 rectam
669 2337 869 2410 naturam?
892 2335 1032 2426 etquis
1057 2335 1123 2406 erit
1146 2336 1206 2428 qui
1231 2335 1276 2406 ad
1301 2335 1368 2406 hoc
1393 2357 1503 2407 suurn
1516 2334 1693 2424 judicium
1712 2346 1841 2428 posset

506 2453 600 2525 alios
623 2453 783 2544 obligare
802 2455 819 2521 i
841 2455 942 2524 Patet
973 2452 1155 2524 neminem
1187 2474 1299 2545 posse
1331 2452 1424 2524 alios
1459 2454 1617 2544 obligare
1652 2453 1697 2524 ad
1728 2475 1839 2526 suum

501 2569 684 2660 judicium
708 2567 950 2662 sequendum,
977 2577 1012 2640 et
1034 2569 1185 2661 proinde
1209 2570 1395 2641 communi
1413 2569 1555 2658 judicio
1571 2591 1648 2640 rem
1672 2591 1757 2642 esse
1780 2569 1841 2644 da·

399 2749 402 2756 ,
505 2685 783 2778 terminandam,
809 2693 842 2757 et
867 2707 932 2777 per
955 2701 1189 2778 consequens
1225 2687 1408 2756 communi
1445 2686 1632 2775 electione,
1658 2709 1751 2779 quae
1776 2711 1837 2780 po·

506 2802 587 2874 terit
610 2823 696 2874 esse
720 2823 900 2900 expressa
925 2802 980 2873 vei
1005 2802 1112 2874 tacita
1131 2803 1239 2890 juxta
1261 2801 1556 2874 circumstantias
1580 2803 1675 2891 tecti,
1711 2805 1839 2896 peterit

505 2939 591 2990 esse
609 2920 662 2990 vel
679 2919 912 2992 constitutiva
929 2919 1080 3008 subjecti
1106 2927 1141 2989 et
1163 2917 1293 2990 termae
1329 2920 1553 2991 auctoritatis
1581 2927 1665 2992 ante
1688 2920 1837 3008 iactum,

505 3035 561 3106 vel
586 3035 821 3128 approbativa
855 3035 966 3107 huius
1001 3036 1153 3124 subjecti
1191 3036 1246 3106 vel
1282 3036 1409 3106 sermae
1434 3045 1515 3125 pest
1538 3035 1686 3123 factum,
1714 3037 1840 3127 poterit

504 3171 591 3223 esse
614 3151 850 3243 approbativa
874 3173 919 3222 ex
945 3151 1127 3223 voluntate
1152 3151 1276 3239 libera,
1302 3151 1357 3220 vel
1384 3149 1600 3248 prudentiaii
1624 3173 1670 3222 ex
1687 3151 1841 3222 circum·

505 3267 647 3339 stantiis
670 3289 716 3337 ne
741 3267 849 3358 pejus
873 3270 1024 3339 eveniat.

593 3385 698 3458 [iicet.
715 3425 754 3435 -
773 3383 863 3466 Quid
888 3385 920 3454 si
944 3385 1027 3476 quis
1042 3383 1087 3455 de
1104 3385 1198 3456 tacte
1215 3407 1256 3456 se
1281 3386 1475 3456 constituat
1491 3386 1525 3454 in
1543 3385 1754 3456 auctoritate
1777 3385 1838 3456 ab·

505 3521 600 3594 sque
630 3501 784 3572 aliorum
818 3501 992 3573 electione
1028 3503 1083 3573 vcl
1119 3523 1317 3590 consensu,
1352 3510 1387 3574 et
1410 3501 1459 3574 sit
1481 3523 1609 3574 revera
1632 3502 1838 3590 subjectum

504 3616 722 3708 eligendum,
750 3625 784 3688 et
808 3638 891 3688 sese
915 3617 1112 3689 constituet
1135 3618 1172 3688 in
1197 3617 1314 3689 torma
1338 3615 1535 3708 eligenda?

593 3735 686 3823 neap.
703 3773 742 3784 -
761 3733 851 3805 Cum
868 3734 914 3803 sit
931 3733 1137 3823 subjectum
1163 3733 1372 3826 eligendum
1396 3733 1492 3827 quod
1505 3733 1583 3822 jam
1601 3735 1646 3804 sit
1663 3735 1697 3803 in
1714 3741 1837 3806 aucte·

504 3850 606 3922 ritate
617 3851 866 3940 constitutum,
885 3858 1023 3922 tantum
1036 3850 1205 3923 deficeret
1220 3851 1422 3938 formalitas
1440 3854 1618 3944 legitimae
1635 3852 1834 3940 electionis,

502 3987 586 4059 quaa
610 3967 646 4037 in
669 3989 761 4038 casu
785 3989 869 4038 eum
894 3990 964 4038 nen
991 3977 1119 4060 posset
1142 3967 1218 4040 fieri
1243 3969 1323 4038 sine
1347 3968 1481 4040 damno
1498 3968 1695 4057 societatis,
1715 3969 1836 4057 subje-

502 4091 600 4154 ctum
624 4085 860 4156 constitutum
884 4085 918 4154 in
944 4086 1157 4156 auctoritate
1182 4085 1247 4156 erit
1271 4084 1545 4176 legitimandum
1562 4107 1749 4158 consensu
1773 4107 1836 4156 so·

503 4199 644 4271 ciorum
667 4221 848 4290 expresse
872 4200 927 4270 vel
952 4201 1070 4272 tacite.

592 4373 668 4440 Art.
690 4372 735 4438 V.
755 4411 793 4424 -
813 4371 971 4445 monade
993 4372 1182 4445 societates
1205 4375 1373 4462 primitiva
1396 4391 1473 4446 ecee
1504 4375 1743 4450 constituerint.

591 4539 694 4619 Quod
718 4539 750 4610 si
774 4549 960 4633 quaeratur
972 4541 1154 4633 quemodo
1168 4543 1363 4618 societates
1384 4544 1584 4636 primitivae
1601 4565 1687 4614 sese
1703 4544 1835 4615 consti·
1865 4633 1866 4636 Ἴ

501 4657 645 4746 tuerint,
664 4656 943 4749 respondemus:
962 4659 1008 4730 ad
1025 4660 1236 4732 societatem
1249 4660 1454 4733 habendam
1467 4663 1698 4754 requiruntur
1710 4661 1835 4752 piures

501 4772 681 4848 homines.
695 4774 865 4849 Iamvcro
878 4775 933 4847 isti
954 4773 1117 4847 hemines
1132 4786 1290 4873 pessunt
1303 4777 1411 4850 simul
1430 4777 1579 4850 inveniri
1598 4777 1653 4848 vcl
1670 4785 1710 4850 ut
1722 4798 1835 4850 mem·
