4054 6322
1716 571 1742 634 fl

589 744 637 814 32

490 915 747 1008 Imperatorem
785 918 1016 1010 reciperetur..
1043 917 1135 990 Hinc
1169 918 1247 988 sia
1282 916 1453 991 pontifice
1491 916 1738 1009 deponeretur
1779 937 1823 988 eo

490 1032 586 1118 quod
610 1033 751 1106 muneri
775 1054 845 1104 suo
868 1032 1084 1104 defendendi
1108 1033 1311 1105 Ecclesiam
1328 1053 1400 1104 non
1418 1033 1659 1122 satisfaceret,
1675 1053 1823 1106 nonsu-

490 1135 771 1248 tum'amittebat
786 1148 996 1238 dignitatem
1021 1149 1259 1240 Imperielem,
1287 1149 1353 1220 sed
1380 1147 1488 1220 etiam
1526 1149 1698 1237 Regnum
1720 1147 1818 1236 quod

491 1272 569 1334 erat
591 1265 808 1336 Germaniae
833 1273 867 1334 et
892 1237 1025 1338 ltaliatl.

449 1415 453 1425 ·
578 1380 670 1451 Hinc
694 1401 778 1451 cum
803 1379 1003 1470 Gregorius
1029 1379 1105 1451 Vll.
1132 1381 1301 1472 deposuit
1326 1379 1524 1455 Henrieum
1548 1380 1622 1469 Ν,
1643 1380 1820 1454 electores

489 1497 519 1568 ei
546 1507 693 1588 tempus
728 1497 1088 1588 constitueruntque
1113 1497 1341 1572 satisfaceret
1372 1495 1535 1570 Pontiani
1570 1497 1655 1588 quia
1678 1517 1821 1574 excom·

488 1613 709 1700 muricatus,
735 1620 817 1705 post
839 1634 978 1685 arrum
994 1621 1028 1684 et
1040 1613 1136 1687 diem
1163 1612 1272 1685 fiebat
1287 1613 1492 1703 anathema,
1519 1621 1554 1683 et
1570 1611 1720 1686 cadebat
1743 1613 1825 1688 suis

484 1728 643 1819 juribus,
669 1751 762 1822 quae
786 1753 808 1800 a
830 1730 1085 1802 commuuione
1109 1731 1283 1803 catholica
1307 1729 1522 1822 pendebant,
1540 1739 1575 1800 et
1594 1731 1702 1818 juxta
1725 1730 1825 1820 pala-

488 1843 583 1918 tiras
609 1847 722 1936 leges,
749 1846 921 1938 indignus
945 1847 1060 1938 Regio
1085 1868 1194 1918 onere
1220 1847 1431 1918 habebatur.

578 1963 711 2038 Notum
735 1970 792 2034 est
815 1983 925 2055 saepe
950 1962 1192 2054 imperatores
1215 1963 1475 2034 considerasse
1499 1971 1729 2055 patronatum
1754 1961 1822 2032 Ec·

488 2079 622 2151 etesiae
646 2087 686 2150 ut
708 2079 921 2166 dominium,
949 2077 1031 2150 hino
1057 2081 1192 2151 multae
1215 2080 1380 2172 ipsorum
1405 2080 1674 2171 usurpationes
1700 2087 1735 2148 et
1759 2100 1822 2168 pu·

489 2215 584 2285 gnae
608 2217 693 2268 cum
718 2195 899 2268 Ecclesia.
928 2195 982 2264 Ex
999 2217 1070 2288 quo
1106 2195 1241 2268 tactum
1264 2203 1321 2266 est
1344 2201 1382 2268 ut
1406 2196 1466 2266 itia
1489 2193 1648 2286 dignitas
1684 2195 1822 2270 minue·

488 2320 597 2391 retur,
623 2321 660 2382 ot
681 2311 783 2384 tieret
808 2313 932 2404 potius
955 2311 1151 2386 nominalis
1172 2311 1292 2403 quoad
1316 2311 1719 2410 Ecclesiam,exceptis
1732 2312 1823 2398 juri-

488 2429 559 2500 bue
582 2429 695 2518 replis
720 2429 775 2498 rel
799 2428 1007 2502 laudalibus
1044 2431 1079 2498 in
1115 2427 1198 2498 suis
1233 2427 1416 2500 dominiis.
1454 2429 1548 2500 Hirc'
1572 2429 1602 2496 si
1627 2426 1823 2502 Pontifices

486 2544 735 2637 deposuerunt
757 2545 1025 2636 Imperatores,
1054 2545 1086 2614 id
1110 2543 1275 2616 iecerunt
1308 2545 1394 2632 jure
1433 2545 1577 2637 proprio
1601 2553 1635 2616 et
1659 2543 1819 2635 speciali.

506 2717 583 2786 Art.
611 2715 671 2784 Vl.
691 2755 734 2768 -
750 2717 795 2792 lte
816 2717 992 2800 Petratete
1015 2717 1116 2790 mre
1139 2717 1231 2792 reru
1253 2705 1457 2805 curpeterte
1481 2716 1607 2791 Summo
1646 2713 1792 2788 Pertinet

788 2833 817 2903 tr
840 2833 1069 2920 temporalibus
1091 2835 1127 2903 ut
1151 2832 1253 2920 captu
1277 2831 1548 2907 triturarum.

576 3003 701 3075 Status
725 3004 837 3074 unius
861 3003 1019 3074 rationis
1042 3003 1098 3074 vel
1122 3003 1272 3074 alterius
1311 3003 1508 3094 plurimum
1544 3005 1724 3074 interesse
1760 3026 1821 3095 po·

485 3129 556 3192 test
578 3119 732 3192 aliarum
756 3121 918 3210 gentium
942 3119 1012 3190 sibi
1036 3120 1239 3210 specialiter
1255 3119 1520 3207 devinctarum‚
1540 3119 1719 3210 positione
1735 3109 1835 3210 geo-¹

484 3235 671 3328 graphica,
697 3236 753 3306 vel
778 3235 959 3306 identitate
983 3235 1119 3327 stirpis,
1145 3237 1202 3306 vet
1226 3236 1464 3308 relationibus
1502 3236 1820 3325 commerciorum,

484 3353 542 3424 vel
564 3353 718 3422 aliorum
742 3359 949 3440 eventuum,
968 3353 1018 3422 uti
1036 3374 1094 3424 er.
1112 3375 1149 3442 g.
1168 3350 1213 3423 de
1239 3352 1444 3423 rationibus
1460 3352 1674 3443 Europaeis
1697 3351 1734 3420 lu
1753 3351 1820 3424 hac

485 3469 740 3542 communione
764 3470 994 3558 negotiorum
1009 3470 1084 3556 jam
1109 3469 1212 3540 adest
1250 3467 1528 3540 tundamentum
1557 3489 1622 3560 pro
1647 3469 1818 3566 societate

485 3583 646 3677 plurium
668 3585 856 3656 rationum
881 3585 1101 3658 instituenda
1124 3605 1217 3676 quae
1242 3582 1473 3657 ethnurclrica
1507 3607 1575 3658 seu
1615 3586 1822 3660 internetio-

483 3701 582 3774 nalis
603 3699 672 3772 dici
697 3707 828 3792 potest,
854 3702 890 3772 in
913 3723 986 3793 qna
1009 3701 1057 3774 de
1079 3722 1267 3774 consensu
1307 3701 1529 3794 Principum.
1552 3702 1739 3774 communi
1763 3701 1820 3774 vel

484 3817 704 3908 praevalenti
730 3819 874 3908 negotia
896 3817 1105 3894 communia
1128 3816 1405 3892 concludantur.

574 3935 791 4006 constitutio
820 3945 941 4006 tamen
964 3935 1109 4026 proprie
1131 3933 1228 4006 dicte
1250 3933 1361 4018 huius
1397 3936 1581 4010 societatis
1616 3933 1821 4010 intonatio-

484 4051 583 4122 nalis
608 4059 665 4122 est
700 4050 804 4122 valde
827 4049 1007 4136 difficilis,
1049 4071 1111 4141 per
1135 4050 1306 4122 accidens
1342 4051 1439 4124 enim
1478 4060 1576 4123 esset
1614 4051 1819 4126 restrictiva

482 4165 780 4257 independertiae
805 4167 1025 4260 Principum,
1058 4167 1166 4240 etiam
1189 4167 1309 4260 quoad
1334 4169 1479 4259 negotia
1495 4190 1567 4241 non
1593 4169 1815 4253 communia,

482 4282 570 4353 dum
588 4283 666 4370 jam
690 4281 833 4354 difficile
858 4283 905 4356 sit
928 4283 1116 4376 Principes
1141 4285 1350 4356 renuntiare
1367 4307 1476 4381 ,suae
1516 4283 1817 4377 independentiae

481 4408 623 4474 tentum
648 4421 712 4491 pro
737 4401 892 4491 negotiis
917 4401 1268 4474 internetionatibus.
1287 4401 1403 4473 Adest
1419 4410 1541 4474 tamen
1565 4401 1734 4495 aliqualis
1760 4421 1821 4471 so·

481 4517 600 4600 otene,
620 4517 916 4600 internetionalis,
935 4539 1065 4588 omnes
1076 4519 1171 4588 enim
1186 4520 1423 4610 quaestiones
1437 4539 1531 4611 quae
1548 4517 1817 4610 aequilibrium,

483 4639 521 4703 ut
546 4633 651 4720 aiunt
675 4633 885 4724 Europeum
909 4642 1072 4724 tangunt,
1100 4635 1282 4706 communi
1307 4632 1563 4706 deliberatione
1605 4634 1817 4725 praecipua·

482 4767 564 4819 rum
589 4749 719 4822 saltem
734 4750 934 4840 rationum,
960 4751 1015 4823 rel
1041 4771 1143 4842 pace,
1171 4751 1226 4820 vel
1242 4751 1357 4822 armis
1373 4749 1609 4824 definiuntur.
