4054 6322
1355 917 1401 994 65

166 1093 299 1171 rimurn
323 1094 545 1168 auctoritatis
569 1095 604 1164 in
628 1097 781 1166 colonos
804 1097 864 1188 qui
890 1093 1103 1188 patrimonia
1143 1093 1232 1166 baec
1269 1095 1496 1166 excolebant.

255 1213 448 1282 Praeterea
471 1211 507 1282 in
531 1209 771 1283 dissolutione
806 1213 960 1284 Romani
1000 1209 1140 1300 lmperii
1176 1231 1261 1282 cum
1293 1211 1500 1282 innumeris
1531 1219 1533 1222 ’

164 1327 273 1397 malis
298 1335 549 1419 premerentur
572 1327 706 1418 populi,
733 1336 769 1398 et
791 1327 921 1418 quovis
956 1326 1090 1397 auxilio
1114 1334 1292 1413 carerent,
1327 1325 1498 1418 Episcopi

165 1454 267 1514 arant
290 1444 349 1535 qui
376 1444 495 1534 populi
521 1463 648 1514 curam
687 1443 958 1533 suscipiebant,
985 1449 1018 1512 et
1042 1443 1124 1512 suis
1148 1440 1280 1512 divitiis
1303 1451 1409 1533 atque
1434 1463 1499 1514 au·

164 1560 327 1630 ctoritate
351 1559 469 1630 eidem
494 1559 767 1630 succurrebant.
795 1557 833 1630 ld
858 1557 1071 1648 praesertim
1097 1557 1328 1648 praestabant
1341 1555 1497 1628 Romani
1538 1628 1543 1638 ,

164 1675 371 1746 Pontifices.
398 1673 523 1767 Populi
549 1681 671 1746 autem
696 1681 825 1766 sponte
849 1673 1058 1744 deferebant
1082 1674 1257 1762 Pontifici,
1288 1683 1430 1744 etcum
1463 1675 1497 1742 in

163 1789 371 1862 discrimine
397 1799 630 1862 versarentur
653 1789 700 1860 ad
723 1809 808 1860 eum
832 1789 1096 1880 confugiebant.

254 1907 420 1979 Societas
438 1905 545 1997 igitur
563 1906 743 1997 indigebat
767 1907 953 1997 regimine,
973 1907 1105 1976 etenim
1123 1915 1205 1996 post
1219 1905 1497 1978 dissolutionem

163 2023 319 2094 Romani
346 2023 486 2115 lmperii
511 2022 679 2092 manebat
703 2025 782 2092 sine
807 2021 900 2090 civili
917 2021 1198 2110 organizatione.
1218 2022 1412 2092 Pontifices
1434 2043 1496 2091 au·

164 2149 237 2210 tem
262 2149 365 2210 erant
389 2139 507 2210 idonei
531 2137 577 2208 ad
602 2137 670 2207 hoc
695 2139 856 2227 regimen
881 2136 1170 2228 suscipiendum,
1198 2137 1282 2228 quia
1300 2137 1502 2228 plurimum

164 2263 329 2347 poterant
353 2253 495 2337 divitiis,
520 2261 554 2324 et
578 2254 705 2324 morali
730 2253 953 2339 auctoritate,
981 2261 1058 2322 tum
1082 2255 1116 2322 in
1142 2254 1318 2326 barbaros
1354 2273 1497 2344 compe-

163 2371 334 2460 scendoS,
359 2381 436 2442 tum
462 2373 496 2441 in
522 2371 648 2441 fideles
672 2369 899 2440 revocandos
922 2367 969 2438 ad
993 2367 1157 2439 ordinem
1186 2371 1372 2441 socialem.
1402 2369 1496 2438 Hinc

166 2489 288 2579 populi
314 2497 442 2580 sponte
467 2485 673 2558 delerebant
698 2485 876 2573 Pontifici,
903 2491 938 2556 et
974 2485 1137 2556 Pontilex
1172 2487 1364 2557 exercebat
1398 2494 1495 2576 pote·

161 2611 294 2676 statem
318 2621 426 2674 suam
451 2603 485 2672 in
508 2601 642 2673 bonum
667 2601 788 2693 populi
813 2601 921 2672 etiarn
946 2602 1157 2692 temporale,
1184 2601 1373 2672 deficiente
1397 2602 1495 2673 enim

161 2720 429 2810 organiratione
452 2717 546 2790 civili
579 2723 743 2810 potestas
781 2715 1031 2788 ecclesiastica
1066 2718 1212 2809 supplet
1236 2717 1271 2786 in
1296 2718 1376 2808 ipsa
1400 2713 1494 2786 civili

162 2835 447 2926 organizatione,
466 2855 548 2904 cum
572 2835 634 2923 jus
660 2832 790 2904 habeat
813 2831 977 2903 saltandi
1009 2833 1221 2905 societatem
1242 2831 1492 2903 christianam.

251 2952 474 3023 Graecorum
499 2958 620 3022 autem
643 2950 841 3021 dominium
866 2950 901 3018 in
928 2949 1026 3020 ltalia
1063 2950 1266 3039 pessimum
1301 2947 1379 3030 luit,
1407 2969 1493 3018 cum

160 3069 353 3159 Romanis]
378 3066 606 3156 expoliendis
641 3067 837 3158 plurimum
873 3066 1054 3152 valerent,
1090 3065 1176 3135 nihil
1207 3073 1327 3138 antem
1363 3065 1399 3136 in
1439 3068 1493 3134 eis

159 3179 397 3256 detondendis
421 3207 442 3252 a
467 3183 594 3252 vicinis
631 3181 895 3272 longobardia,
933 3181 981 3252 ita
1015 3189 1055 3252 ut
1079 3189 1112 3250 et
1135 3181 1329 3274 aliquando
1352 3181 1396 3250 de
1428 3201 1493 3250 au·

158 3302 244 3371 xilio
269 3299 384 3390 rogati
409 3297 671 3391 responderent
694 3297 935 3389 Imperatores
958 3299 1101 3390 populis
1127 3296 1259 3383 ltaliae,
1276 3297 1396 3367 utsibi
1420 3319 1492 3390 quo

158 3417 300 3489 meliori
326 3423 479 3507 possent
502 3414 611 3486 modo
635 3414 880 3486 consulerent.
909 3415 1078 3485 Omnium
1103 3415 1211 3504 igitur
1235 3414 1329 3484 oculi
1347 3413 1382 3482 iu
1400 3413 1491 3482 Pon-

159 3535 292 3604 tificem
316 3534 630 3620 convertebantur,
657 3532 704 3601 ita
728 3539 764 3598 nt
789 3531 827 3600 S.
860 3531 1062 3621 Gregorius
1091 3533 1248 3620 Magnus
1279 3530 1377 3600 initio
1412 3550 1492 3601 sae·

158 3651 229 3722 culi
256 3648 332 3718 Vll.
355 3649 433 3736 jam
456 3654 690 3739 quaereretur
714 3668 755 3719 se
779 3665 853 3717 non
877 3655 950 3716 tem
980 3647 1144 3718 Pastoris
1179 3663 1288 3738 quarn
1313 3645 1491 3736 Principis

158 3773 281 3857 partes
304 3783 442 3854 gerere.
469 3764 533 3854 Ep.
560 3767 616 3834 25.
644 3763 699 3832 lib.
726 3765 750 3836 l.
780 3789 795 3827 ιι
822 3765 869 3832 ita
893 3771 932 3834 ut
956 3783 1067 3854 saepe
1093 3763 1268 3833 incertum
1298 3761 1346 3832 sit
1369 3769 1491 3832 utrum

158 3883 323 3952 Pastoris
347 3880 518 3962 officium,
546 3903 592 3948 an
616 3880 748 3950 terreni
773 3879 937 3970 proceris
960 3901 1067 3970 agam
1086 3907 1117 3946 n.

246 3999 332 4068 Orta
353 4005 475 4067 autern
499 4003 556 4068 est
579 3997 728 4066 saeculo
755 3995 845 4066 Vlll.
873 3995 1037 4065 haeresis
1055 3995 1377 4066 iconoclastarum.
1397 3993 1490 4066 Huic

159 4113 301 4184 haeresi
325 4111 491 4182 adhaesit
516 4113 592 4182 Leo
616 4113 806 4184 Isauncus
830 4109 995 4184 Graecus
1018 4113 1231 4203 Imperator,
1248 4109 1343 4181 unde
1360 4130 1382 4181 a
1398 4111 1491 4181 Pon-

157 4229 251 4299 tifice
276 4229 314 4297 S.
341 4229 515 4318 Gregorio
540 4229 583 4298 lI.
608 4228 948 4300 excommunicatus
972 4235 1037 4297 est.
1078 4225 1428 4298 Excommunioatus
1467 4247 1490 4296 a

158 4343 329 4416 Pontiflce
354 4343 550 4435 Imperator
574 4345 705 4414 saeviit
726 4352 851 4415 contra
876 4341 1093 4429 catholicos,
1122 4351 1155 4414 et
1177 4343 1275 4414 misit
1292 4343 1489 4414 exercitum
1558 4373 1560 4380 ¹

157 4469 283 4533 contra
306 4462 343 4531 S.
371 4461 587 4550 Gregorium
613 4459 651 4528 ll.
677 4461 803 4551 Populi
828 4459 1001 4530 catholici
1026 4459 1277 4558 defensionem
1309 4459 1489 4550 propriam

156 4587 189 4648 et
213 4577 397 4682 Pontificis
414 4585 657 4667 susceperunt
680 4584 808 4647 contra
832 4577 1030 4646 exercitum
1045 4576 1290 4667 imperatoris
1305 4575 1385 4646 etS.
1403 4575 1489 4647 Gre-

156 4695 284 4785 gorius
310 4695 350 4764 ll.
377 4693 509 4764 auxilio
548 4695 784 4782 Venetorum,
823 4694 1157 4783 Neapolitanorum,
1192 4693 1488 4762 Ravennatorum

157 4812 269 4881 victor
292 4811 419 4896 evasit,
446 4818 479 4880 et
505 4809 628 4898 rejecit
650 4810 775 4900 copias
789 4809 1034 4900 lmperatoris¹
1050 4809 1143 4878 Hinc
1155 4807 1410 4879 confirmatum
1425 4807 1507 4882 fuit¹
1580 4837 1581 4840 ¹

156 4927 355 5000 dominium
381 4927 580 5020 temporale
604 4925 839 4998 Summarum
865 4925 1092 4997 Pontificum.
1120 4927 1252 4996 Actum
1277 4934 1333 4994 est
1357 4922 1401 4995 de
1436 4945 1488 4995 re·
