4054 6322
588 825 634 905 le

579 1004 722 1093 Reicitur
745 1003 838 1076 llallc
863 1003 1108 1092 Repelistarum.
1137 1043 1177 1054 -
1202 1001 1411 1092 Regalistae
1447 1001 1644 1072 defendunt
1681 1001 1822 1072 Statum

493 1117 626 1190 habere
645 1119 712 1206 J'us
735 1118 945 1210 recipiendi·¹
956 1119 1218 1209 appellationes
1242 1109 1461 1189 antennae
1498 1117 1698 1206 Ecclesiae,
1738 1115 1823 1208 quia

489 1233 595 1305 debet
618 1241 807 1325 protegere
832 1233 1000 1304 subditos
1025 1234 1070 1304 ab
1093 1234 1335 1325 oppressione
1374 1233 1583 1306 officialium
1620 1231 1819 1305 Ecclesiae.

489 1349 658 1422 Jamvero
684 1349 772 1422 haec
796 1350 886 1420 ratio
912 1371 983 1421 non
1008 1350 1113 1436 valet,
1139 1349 1223 1442 quia
1248 1349 1317 1420 hoc
1339 1351 1377 1420 fit
1400 1347 1616 1440 appellando
1641 1347 1686 1417 ad
1712 1347 1822 1418 tribu·

490 1466 549 1536 nal
573 1466 862 1538 ecclesiasticum
886 1467 1060 1556 superius
1084 1485 1201 1558 usque
1225 1465 1270 1536 ed
1294 1465 1488 1537 Summum
1512 1465 1727 1536 Pontificem
1760 1462 1820 1556 qui

489 1590 546 1653 est
565 1581 683 1670 judex
706 1603 913 1673 supremus.
941 1583 1117 1674 Recipere
1151 1589 1273 1654 autem
1309 1582 1571 1674 appellationes
1594 1604 1617 1652 a
1640 1582 1821 1652 Potestate

489 1697 811 1772 Ecclesiasticaad
834 1698 991 1770 tribunal
1015 1699 1150 1770 laicum
1182 1707 1282 1770 esset
1322 1720 1407 1770 sese
1447 1699 1669 1770 constituere
1708 1718 1821 1788 supra

488 1813 740 1886 auctoritatem
766 1815 966 1903 Ecclesiae,
991 1816 1183 1907 appellatio
1201 1817 1297 1886 enirn
1314 1823 1371 1886 est
1390 1835 1565 1887 recursus
1580 1815 1626 1884 ab
1651 1813 1819 1884 inferiore

489 1930 536 2001 ad
552 1933 781 2024 superiorem
800 1930 975 2020 iudicem.
1003 1932 1107 2012 Quod
1131 1933 1162 2002 si
1187 1933 1313 2006 liceret
1334 1931 1381 2004 ad
1405 1931 1685 2024 oppressionem
1709 1931 1821 1998 vitan-

487 2045 570 2118 dam
594 2048 777 2139 appellare
801 2046 845 2116 ad
869 2047 966 2120 aliud
990 2048 1144 2144 tribunal
1181 2050 1275 2122 ultra
1314 2057 1526 2140 competens
1564 2046 1719 2118 tribunal
1760 2067 1822 2115 su-

487 2183 668 2255 premum,
691 2172 778 2234 tuno
800 2163 955 2256 quisque
979 2165 1069 2234 civis
1095 2166 1232 2234 ratione
1257 2188 1297 2236 se
1324 2163 1449 2236 tuendi
1474 2171 1601 2234 contra
1613 2163 1819 2253 oppressio·

487 2299 573 2350 nem
596 2279 722 2350 Status
746 2287 872 2371 posset
895 2279 1080 2371 appellare
1105 2279 1151 2381 ad
1175 2279 1273 2352 aliud
1298 2281 1453 2352 tribunal
1492 2280 1642 2350 alterius
1682 2281 1817 2364 Status,

487 2403 521 2465 et
544 2397 593 2466 ita
616 2396 756 2467 nullum
781 2396 936 2467 tribunal
961 2397 1027 2468 etsi
1053 2417 1270 2488 supremum
1293 2404 1393 2467 esset
1416 2396 1602 2466 sufficiens
1627 2395 1693 2466 sed
1719 2415 1817 2465 sem·

487 2533 551 2604 per
574 2521 738 2585 maneret
756 2512 822 2600 J‘us
845 2512 1050 2604 appellandi
1076 2513 1211 2584 ratione
1236 2512 1385 2584 cavendi
1411 2513 1456 2583 ab
1482 2513 1733 2603 oppressione.
1762 2510 1819 2578 Di-

486 2623 642 2700 cendum
667 2628 773 2718 igitur
797 2628 893 2720 quod
916 2628 1023 2700 datur
1046 2631 1237 2722 appellatio
1262 2631 1297 2702 in
1321 2631 1421 2716 lure,
1448 2629 1514 2701 sed
1530 2637 1755 2719 competenS,
1785 2635 1819 2696 et

485 2765 605 2836 usque
628 2743 674 2814 ad
697 2745 857 2816 tribunal
881 2766 1098 2836 supremum
1123 2745 1219 2837 quod
1244 2753 1456 2838 competens
1473 2754 1507 2816 et
1523 2745 1682 2836 perlecta
1696 2753 1819 2814 aueto-

486 2860 575 2932 ritas
599 2882 664 2952 pro
685 2861 826 2950 justitia
850 2859 1030 2950 statuerit,
1057 2883 1169 2933 secus
1193 2863 1347 2955 quisque
1371 2885 1393 2932 a
1413 2864 1516 2950 J'usto
1536 2861 1675 2949 judicio
1693 2867 1818 2953 posset

486 2976 654 3066 evadere.
680 2978 848 3048 Ecclesia
883 2987 1005 3058 autem
1040 2986 1098 3050 est
1120 2981 1318 3050 auotoritas
1342 2989 1565 3070 competens,
1593 2989 1626 3048 ot
1651 2977 1720 3050 sibi
1742 2977 1818 3049 sui-

486 3094 626 3180 licienS,
652 3100 689 3164 et
713 3093 851 3166 ordinis
875 3095 1051 3186 supremi,
1077 3117 1099 3165 a
1124 3117 1297 3187 supremo
1338 3096 1447 3186 igitur
1482 3095 1670 3166 Ecclesiae
1709 3094 1818 3164 tribu-

485 3209 557 3280 nali
581 3231 654 3280 non
679 3210 762 3280 licet
784 3212 1002 3302 appellare·

537 3455 614 3522 Art.
643 3451 719 3522 Vll.
749 3493 788 3506 -
813 3453 856 3526 lle
880 3452 1048 3526 sentenia
1069 3455 1182 3545 judicis
1204 3457 1425 3528 ecclecleetlei
1449 3457 1616 3528 euidenter
1639 3455 1766 3545 inme.
1813 3549 1817 3554 Ι

574 3675 612 3748 ld
636 3678 739 3768 argui
766 3685 883 3768 potest
907 3699 951 3747 ex
974 3679 1136 3768 generali
1153 3679 1328 3770 principio
1352 3679 1543 3751 Juristum
1556 3677 1728 3750 Canonici
1742 3687 1818 3750 turn

485 3793 609 3864 Civilis
634 3793 852 3864 sententiam
876 3793 1060 3867 evidenter
1084 3796 1256 3884 injustam
1281 3796 1337 3866 vel
1353 3795 1544 3868 manifeste
1561 3797 1722 3888 iniquam
1734 3815 1818 3866 esse

487 3909 624 3980 nullam
652 3910 759 3980 etiam
784 3909 863 3980 sine
887 3911 1137 4000 appellatione.
1180 3910 1230 3982 lta
1268 3913 1469 4004 explicatur
1507 3911 1604 4006 quod
1643 3911 1818 3986 Doctores

485 4025 790 4117 praestantissimi
815 4035 989 4097 asserunt
1012 4027 1056 4096 de
1076 4027 1161 4115 jure
1184 4028 1356 4116 rejciendi
1382 4029 1818 4118 sententiamjudicisec-

486 4142 680 4214 clesiastici
705 4142 891 4212 manileste
914 4142 1119 4226 invadentis
1143 4165 1313 4235 campum
1336 4145 1560 4218 auctoritatis
1584 4145 1700 4218 civilis
1731 4166 1815 4216 con-

483 4267 538 4328 tra
563 4266 699 4329 certam
725 4257 925 4330 doctrinam
942 4260 1059 4351 ipsius
1076 4261 1278 4334 Ecclesiae:
1302 4265 1440 4332 Tamen
1464 4262 1584 4354 quoad
1602 4262 1816 4334 sententiam

486 4375 662 4462 injustam
699 4397 743 4446 ex
779 4375 980 4448 omissione
1015 4377 1285 4449 solemnitatum
1319 4379 1520 4450 notandum
1559 4387 1618 4450 est
1650 4379 1746 4465 quod
1786 4379 1816 4456 si

482 4498 617 4581 agatur
641 4491 685 4562 de
710 4494 790 4583 ipso
831 4494 996 4583 Principe
1016 4493 1215 4582 judicante,
1254 4496 1429 4587 Princeps
1465 4505 1584 4587 potest
1619 4496 1742 4566 sciens
1780 4502 1814 4566 et

482 4607 643 4700 prudens
666 4608 880 4700 dispensare
904 4611 949 4680 ab
974 4611 1144 4681 omnibus
1169 4611 1477 4699 solemnitatibus,
1505 4614 1661 4687 servatis
1685 4631 1812 4683 essen·

482 4724 632 4796 tialibus
655 4724 699 4796 de
719 4725 803 4812 jure
827 4711 989 4798 naturae.
1767 4749 1770 4756 ·
