4054 6322
410 1155 491 1226 Art.
517 1153 582 1224 VI.
613 1195 653 1206 -
678 1155 720 1228 tte
744 1154 962 1246 tppctuttono
985 1156 1147 1242 annuero
1170 1155 1211 1225 etr
1236 1155 1347 1226 etum.

307 1323 464 1398 miultis.
494 1364 533 1378 -
559 1325 761 1416 Appellatio
785 1331 865 1394 est:
895 1325 910 1362 a
936 1323 1146 1415 provocatio
1169 1323 1214 1394 ab
1231 1321 1399 1392 interiore
1427 1320 1474 1390 ad
1489 1341 1550 1391 su·

220 1441 401 1534 perierem
419 1439 581 1530 judicem
606 1441 743 1512 ratione
766 1441 989 1530 gravaminis
1012 1439 1098 1510 illati
1124 1440 1179 1510 vel
1205 1438 1392 1510 inferendi.
1421 1491 1436 1528 ,‚

309 1557 463 1630 &dones
486 1557 730 1648 Repellslertmt.
757 1596 795 1610 -
823 1552 1033 1646 Regalistae
1056 1554 1181 1626 dicunt
1204 1563 1411 1647 competere
1450 1553 1550 1623 Priu-

218 1674 286 1768 cipi
307 1675 373 1762 jus
397 1671 592 1764 recipiendi
616 1673 877 1766 appellationes
901 1695 923 1742 a
947 1672 1126 1744 sententia
1149 1669 1342 1744 tribunalis
1367 1671 1551 1742 Ecclesia·

218 1791 298 1862 stici
321 1790 406 1885 quia
429 1788 628 1864 auctoritas
652 1789 744 1860 laica
766 1787 873 1860 debet
897 1797 1085 1881 protegere
1110 1787 1278 1860 subditos
1317 1809 1341 1856 a
1375 1807 1549 1882 quaeum·

217 1929 287 2000 que
311 1903 502 1997 tyrannide
542 1915 574 1977 et
599 1905 850 1998 oppressione.
878 1903 1094 1978 Remedium
1117 1903 1381 1998 appellationis,
1402 1925 1471 1978 seu
1496 1925 1577 1974 rev

217 2045 353 2094 cursus
376 2021 423 2094 ad
447 2023 652 2114 Principem
677 2023 854 2093 vocabant
893 2019 1109 2094 Remedium
1148 2019 1379 2094 Caesarianis
1419 2019 1547 2092 laicae.

218 2141 362 2212 Poenae
386 2149 508 2212 autem
533 2146 658 2210 contra
676 2137 840 2226 judicem
863 2137 1153 2212 ecclesiasticum
1176 2159 1285 2232 quem
1301 2135 1459 2212 tribuual
1487 2136 1552 2208 lai·

217 2275 303 2326 cum
325 2257 473 2347 putabat
496 2254 694 2347 procedere
717 2261 843 2324 contra
861 2253 927 2342 jus
951 2263 1075 2324 erant:
1104 2257 1148 2322 1⁰.
1164 2255 1434 2346 occupareejue
1453 2253 1549 2322 banc

219 2372 444 2464 temporalia.
471 2367 519 2442 2⁰.
545 2370 688 2442 auterre
713 2371 743 2442 ei
769 2370 960 2443 civitatem.
987 2373 1036 2440 3⁰.
1063 2371 1190 2462 punire
1206 2379 1422 2442 executores
1439 2369 1548 2442 etiam

219 2487 420 2559 sententiae
437 2486 653 2579 pontificiae.

306 2605 497 2694 l’rtposltlo.
526 2646 566 2655 —
590 2603 716 2674 Status
740 2625 812 2674 non
838 2603 943 2674 habet
961 2605 1028 2692 jus
1052 2602 1245 2696 recipiendi
1286 2605 1549 2695 appellationes

216 2727 389 2814 tanquam
413 2721 458 2790 ab
481 2719 598 2792 abusu
621 2739 644 2790 a
666 2719 835 2792 tribunali
860 2720 1111 2792 ecclesiastico
1134 2719 1181 2790 ad
1205 2739 1317 2792 suum
1333 2721 1503 2792 tribunal.

306 2837 555 2910 flammantia.
584 2877 624 2888 —
649 2835 755 2906 Ratio
778 2845 835 2910 est
857 2837 940 2930 quia
965 2843 1160 2906 auctoritas
1185 2837 1372 2909 Ecclesiae
1407 2845 1463 2908 est
1486 2860 1550 2912 au·

216 2953 367 3026 alorites
391 2952 560 3044 perfecta,
587 2961 620 3024 et
644 2952 795 3045 proinde
819 2952 927 3024 habet
950 2961 1166 3045 potestatem
1190 2955 1268 3026 sive
1310 2955 1548 3045 legislativem

216 3071 294 3140 eive
313 3069 546 3158 judiciariam
570 3071 649 3142 sive
673 3071 915 3142 executivam.
943 3069 1113 3141 Iamvero
1152 3092 1225 3142 non
1265 3069 1415 3144 haberet
1453 3080 1550 3164 pote-

217 3196 348 3259 statem
368 3187 597 3275 judiciariam
613 3197 647 3258 et
670 3188 896 3260 caecutirem
919 3188 950 3258 si
975 3188 1022 3258 ab
1046 3188 1130 3278 ejus
1148 3187 1327 3260 sententia
1344 3197 1471 3281 posset
1488 3211 1549 3281 ap·

218 3303 342 3396 paliari
366 3303 412 3375 ad
435 3305 651 3376 sententiam
675 3304 813 3394 Status,
839 3302 1149 3397 quemadmodum
1173 3327 1195 3375 a
1219 3307 1398 3376 sententia
1422 3305 1549 3378 Status

217 3442 290 3492 non
312 3421 394 3491 licet
416 3421 598 3514 appellare
621 3419 669 3492 ad
692 3421 909 3494 sententiam
932 3421 1085 3495 alterius
1111 3421 1253 3510 Status,
1279 3423 1365 3514 quia
1389 3425 1425 3494 in
1468 3423 1549 3514 ipso
1593 3463 1603 3482 ι

217 3536 321 3608 Statu
343 3535 389 3607 ad
428 3538 568 3609 abusos
592 3537 758 3608 vitandos
798 3545 1008 3610 statuuntur
1043 3537 1239 3610 tribunalia
1274 3537 1465 3630 superiora
1502 3537 1549 3610 ad

216 3673 310 3746 quae
333 3653 438 3726 liceat
459 3655 655 3747 appellare,
681 3665 716 3726 et
738 3653 931 3726 tribunalia
955 3676 1130 3746 suprema
1154 3653 1363 3748 ultraquae
1397 3677 1472 3726 uon
1511 3657 1551 3725 li·

216 3778 295 3839 caat
318 3771 500 3863 appellare
523 3771 570 3842 ad
593 3771 785 3842 tribunalia
809 3774 959 3844 alterius
982 3773 1122 3862 Status,
1147 3771 1232 3866 quia
1272 3793 1385 3844 secus
1426 3793 1551 3864 prace-

217 3885 363 3958 deretur
386 3889 421 3958 in
441 3887 619 3976 judicium
643 3888 918 3980 interminabile,
944 3889 1133 3962 etnullurn
1150 3888 1306 3959 tribunal
1325 3898 1426 3960 esset
1449 3911 1547 3962 com·

217 4009 346 4093 petens
369 4012 403 4072 et
427 4003 615 4074 sufficiens
639 4005 829 4097 projesta
853 4006 1032 4078 sententia
1055 4004 1215 4094 ferenda,
1230 4005 1328 4098 quod
1346 4015 1446 4077 esset
1469 4025 1551 4077 eva·

217 4117 303 4190 dere
325 4142 348 4190 a
368 4119 520 4208 justitia.
546 4123 754 4194 Auctoritas
780 4121 967 4193 Ecclesiae
982 4132 1038 4194 cst
1054 4122 1252 4194 auctoritas
1268 4121 1400 4209 divina,
1419 4143 1550 4213 nempe

218 4236 408 4308 aChristo
432 4237 587 4309 Domino
612 4239 783 4326 instituta,
810 4248 924 4310 otest
949 4241 1149 4310 auctoritas
1174 4239 1313 4310 ordinis
1349 4239 1550 4330 superioris

217 4361 253 4423 et
275 4353 395 4442 magis
418 4352 547 4424 idonea
570 4354 813 4443 adjustitiam
837 4355 1037 4445 ferendam,
1063 4357 1149 4448 quia
1172 4365 1228 4428 est
1255 4356 1416 4428 instituta
1432 4354 1478 4428 sd
1496 4364 1552 4426 tu·

217 4469 326 4540 talem
345 4470 509 4558 justitiae
534 4479 568 4542 ct
591 4471 638 4544 ad
662 4472 844 4543 vitandam
868 4472 1158 4564 oppressionem.
1185 4475 1284 4564 Ergo
1308 4481 1365 4544 est
1383 4473 1550 4546 Ecclesia

220 4585 374 4656 tribunal
399 4607 627 4678 supremum,
641 4609 713 4658 non
738 4587 879 4674 Status,
905 4595 940 4658 et
956 4589 1036 4682 ipsa
1060 4598 1179 4681 potest
1204 4589 1363 4680 recipcre
1386 4587 1543 4680 appella-

217 4702 335 4772 tiones
358 4723 381 4772 a
404 4703 508 4774 Statu
531 4703 577 4774 ad
602 4725 713 4776 suum
738 4705 895 4776 tribunal
928 4725 1155 4796 supremum,
1180 4705 1266 4798 quia
1289 4714 1344 4775 est
1376 4703 1552 4795 magistra

217 4817 412 4890 infallibilis
434 4821 595 4892 veritatis
619 4822 696 4892 sive
720 4821 840 4914 quoad
864 4819 974 4892 fidem
998 4822 1076 4892 sive
1100 4821 1221 4913 quoad
1247 4841 1382 4910 mores,
1411 4821 1551 4892 scilicet

221 4935 300 5006 sive
326 4936 359 5005 in
388 4935 579 5008 credendis
603 4938 680 5008 sive
706 4938 741 5007 in
759 4937 926 5028 agendis,
