4054 6322
601 753 647 828 58

498 929 666 1018 subjoere
691 929 868 1022 integram
892 929 1055 1002 Insulam
1078 927 1222 1001 Siciliae
1246 927 1315 1002 sed
1338 947 1479 1000 suasus
1518 925 1584 1000 tuit
1619 925 1655 997 in
1694 931 1834 998 contra-

502 1047 596 1116 rium
621 1069 644 1116 a
666 1047 940 1118 tractationibus
965 1045 1150 1117 habendis.

591 1161 757 1232 Aliorum
781 1159 998 1233 Pontificum
1023 1162 1176 1250 Bullac,
1202 1173 1237 1232 et
1259 1165 1398 1234 Breues
1429 1170 1556 1234 contra
1585 1161 1655 1232 hos
1692 1159 1835 1230 abusus

503 1279 663 1348 continui
686 1277 830 1349 luerunt
854 1297 972 1370 usque
996 1277 1043 1348 ad
1065 1277 1171 1349 Pium
1197 1280 1267 1350 tx.

592 1393 756 1466 Tandem
779 1395 836 1465 lex
861 1395 977 1465 civilis
1000 1393 1057 1464 die
1084 1398 1136 1464 13.
1160 1397 1230 1484 ltaj
1257 1418 1316 1466 an.
1343 1399 1443 1466 1871.
1471 1397 1658 1488 inscripta:
1688 1399 1703 1434 “
1737 1395 1836 1466 Delie

503 1509 731 1602 prerogativa
746 1509 804 1580 del
829 1511 981 1581 Sammo
1005 1509 1188 1582 Poatefice
1211 1531 1232 1582 e
1254 1509 1349 1581 della
1373 1511 1409 1580 S.
1436 1510 1554 1600 Sede,
1580 1532 1601 1582 e
1624 1511 1718 1582 sulle
1743 1511 1836 1582 rela-

509 1627 600 1698 zioni
624 1625 720 1698 della
742 1625 876 1698 Ghiesa
899 1627 993 1698 collo
1031 1627 1174 1716 State„
1215 1629 1403 1698 consensit
1440 1628 1622 1698 abolitioni
1662 1626 1832 1716 Legatiae

505 1741 663 1831 Siciliae,
688 1743 857 1835 quamvis
881 1751 1008 1836 postea
1038 1743 1173 1815 multae
1213 1745 1489 1835 praetensiones
1528 1753 1722 1818 renovatae
1763 1742 1833 1814 sint

505 1879 569 1950 pro
593 1848 830 1931 electionibus
853 1859 1113 1932 ecclesiasticis
1136 1861 1238 1931 titulo
1261 1861 1365 1951 Regii
1389 1861 1723 1952 Jurispatronatus.

855 2034 932 2155 an.
961 2083 1062 2154 uua
1088 2124 1132 2138 -
1155 2085 1323 2158 anemo
1344 2086 1490 2175 ronna.

594 2309 652 2377 Ex
676 2306 734 2376 his
757 2305 975 2378 concludere
999 2308 1099 2378 licet:
1148 2393 1150 2400 Ι

594 2422 620 2494 1.
647 2423 797 2513 Legatia
819 2421 963 2493 Siciliae
987 2445 1061 2496 non
1086 2423 1256 2494 subsistit
1281 2423 1468 2494 historice.

594 2539 636 2610 ll.
662 2539 814 2610 Etiamsi
838 2540 1057 2611 subsisteret
1082 2539 1262 2632 historice,
1289 2541 1419 2612 luisset
1455 2541 1683 2632 privilegium
1715 2561 1837 2632 perso·

505 2657 584 2726 nale
607 2677 830 2728 conoessum
853 2655 1014 2746 Bogerio
1038 2657 1063 2727 l.
1090 2665 1125 2728 et
1148 2659 1229 2728 eius
1253 2657 1351 2746 filiis,
1377 2657 1473 2750 quod
1490 2655 1641 2749 proinde
1656 2677 1742 2728 oum
1768 2657 1834 2725 Ro-

505 2774 606 2864 gerio
631 2773 673 2844 ll.
699 2773 898 2844 extinctum
922 2783 1034 2843 esset.

595 2887 651 2958 lll.
680 2889 779 2960 Vera
803 2889 905 2980 origo
929 2888 996 2959 luit
1020 2890 1054 2960 in
1081 2891 1279 2982 Regalistis
1302 2890 1527 2963 desiderium
1551 2889 1660 2960 dandi
1697 2889 1840 2960 titulum

506 3007 719 3096 legittimum
742 3006 903 3097 antiquis
926 3005 1107 3078 abusibus
1131 3005 1313 3096 Guillelmi
1339 3011 1380 3096 l.‚
1405 3028 1501 3101 quos
1537 3007 1695 3078 Saeculo
1735 3005 1838 3078 xvi.

506 3143 683 3193 renovare
707 3130 743 3192 et
765 3122 940 3215 ampliare
962 3124 1169 3215 cupiebant.

596 3239 663 3309 1v.
689 3240 769 3310 Etsi
793 3237 967 3310 historice
991 3240 1141 3332 Legatia
1164 3241 1397 3330 subsisteret,
1423 3249 1545 3313 mmen
1575 3263 1722 3334 semper
1752 3241 1840 3312 luis·

507 3365 564 3428 set
587 3355 802 3428 revocabilis
825 3379 848 3426 a
870 3357 909 3428 S.
935 3356 1030 3428 Sede
1055 3358 1090 3428 id
1113 3358 1278 3448 exigente
1302 3357 1421 3430 salute
1437 3360 1653 3430 animarum.
1671 3359 1840 3431 Jamvero

507 3473 552 3545 de
576 3473 670 3544 tacto
693 3493 880 3568 nunquam
903 3495 926 3544 a
949 3474 987 3544 S.
1014 3473 1109 3544 Sede
1132 3475 1257 3564 agnita
1280 3483 1349 3546 est.

597 3589 695 3682 Ergo
715 3587 870 3678 juridice
893 3611 965 3660 non
990 3589 1170 3660 subsistit.

597 3707 823 3778 Permanens
846 3715 966 3776 autem
991 3707 1146 3794 abusus,
1172 3707 1237 3778 fuit
1261 3729 1376 3780 causa
1396 3711 1606 3798 justissima
1623 3709 1840 3782 retractandi

508 3823 771 3896 concessiones
794 3823 912 3896 factos
936 3825 1001 3894 sub
1024 3823 1218 3896 Benedicta
1243 3826 1355 3896 XIII.
