4054 6322
1361 969 1406 1042 79

162 1143 224 1217 vis
249 1143 335 1220 inito
359 1153 465 1240 pacto
489 1145 562 1219 sint
585 1168 696 1240 saepe
732 1143 919 1220 toleranda
958 1143 1092 1220 damna
1128 1144 1278 1239 plysica,
1308 1165 1506 1240 numquam

164 1261 387 1336 sustinenda
413 1271 500 1336 sunt
522 1263 656 1334 damna
680 1261 820 1334 ordinis
844 1263 1011 1338 moralis.

259 1380 306 1450 2.·
328 1379 366 1450 Si
389 1386 513 1452 autem
537 1379 713 1472 Princeps
729 1401 773 1448 ex
790 1358 985 1470 suasparte
1010 1401 1082 1450 non
1107 1379 1275 1450 observet
1299 1377 1505 1452 Concorde-

166 1502 260 1587 tum,
283 1503 339 1566 est
363 1495 400 1564 in
423 1495 593 1568 facultate
633 1493 820 1566 Ecclesiae
845 1502 908 1564 aut
930 1492 1138 1566 rescindere
1178 1501 1417 1586 contractum,
1442 1505 1506 1568 aut

164 1631 302 1702 urgere
327 1611 606 1685 observandiam
630 1609 881 1708 eiusdem,ex
906 1610 1032 1701 regula
1063 1611 1223 1700 generali
1248 1609 1293 1681 de
1316 1614 1506 1684 conuecti-

166 1727 253 1800 bus.
279 1728 455 1821 Princeps
477 1737 599 1800 autem
623 1727 839 1800 rescindens
863 1725 1132 1799 Concordetum
1157 1725 1297 1798 recidit
1317 1729 1388 1799 sub
1418 1729 1506 1802 Jure

166 1845 315 1915 comuni
339 1845 534 1918 canonico.
561 1846 640 1916 Imo
664 1865 746 1916 cnm
770 1843 923 1916 Summo
946 1843 1113 1916 Pontifici
1138 1843 1184 1914 sit
1201 1851 1235 1914 et
1248 1843 1314 1931 jus
1327 1845 1505 1918 condendi

165 1961 271 2052 leges
296 1962 536 2052 particulares
560 1969 688 2055 posset
711 1959 792 2052 iege
816 1959 1025 2052 praecipere
1050 1960 1167 2054 plura,
1195 1959 1325 2031 saltem
1351 1964 1504 2054 quaein

167 2074 397 2148 concordate
410 2078 702 2166 continebantur,
717 2084 911 2170 postquam
927 2074 1196 2150 Concordatum
1214 2078 1419 2149 rescissum
1435 2087 1503 2168 cst,

165 2199 203 2264 et
226 2193 283 2264 sic
306 2193 481 2286 Princeps
504 2195 680 2271 amitteret
704 2194 875 2266 utilitates
899 2214 942 2264 ex
980 2191 1228 2281 Concordato,
1268 2193 1388 2266 adhuc
1429 2217 1505 2287 per-

170 2308 364 2380 sentiendo
388 2304 492 2402 plura
517 2312 647 2382 saltem
671 2311 837 2384 eiusdem
862 2331 985 2384 onera.

259 2426 309 2495 3.⁰
333 2425 363 2496 E
390 2434 517 2498 contra
541 2427 715 2520 Princeps
739 2430 862 2522 nequit
884 2428 969 2516 jure
994 2448 1064 2498 suo
1089 2426 1272 2499 resolvere
1297 2427 1504 2500 Concorde-

168 2542 297 2631 lumsi
315 2542 377 2614 fiat
400 2545 553 2615 noxium
578 2543 812 2636 Reipublicae
836 2544 946 2632 civili,
964 2542 1031 2615 sed
1046 2551 1189 2616 tenetur
1205 2544 1418 2634 gravamina
1436 2567 1506 2616 sua

168 2679 354 2752 exponere
379 2659 579 2748 Ecclesiae,
594 2683 687 2754 quae
713 2659 873 2752 proiecto
898 2667 931 2731 et
955 2644 1000 2731 err
1024 2683 1094 2731 sua
1118 2661 1307 2734 honestate
1323 2669 1419 2733 etex
1435 2683 1506 2734 sua

168 2776 322 2868 physica
346 2775 562 2866 infirmitate,
589 2785 687 2848 caret
702 2777 799 2848 enirn
814 2779 941 2865 armis,
974 2777 1194 2850 modificabit
1220 2769 1501 2850 Ooncordatum.
1579 2777 1583 2786 “

168 2891 274 2964 Sicut
297 2892 393 2962 enim
416 2888 584 2964 Ecclesia
608 2915 681 2964 non
705 2893 882 2965 contrahit
906 2915 991 2966 cum
1015 2895 1211 2967 intentione
1235 2895 1405 2968 servandi
1444 2917 1505 2988 pn·

169 3016 270 3078 ctum
283 3029 365 3079 cum
378 3003 494 3082 aderit
516 3007 771 3082 detrimentum
794 3012 1013 3100 animarum,
1029 3033 1146 3105 neque
1159 3011 1284 3084 Status
1299 3033 1383 3084 cum
1399 3011 1505 3084 detri-

169 3133 292 3196 mento
316 3146 386 3196 suo
403 3125 472 3196 nisi
497 3124 604 3198 luerit
627 3127 879 3200 necessarium
897 3149 961 3220 pro
979 3130 1074 3200 bono
1099 3129 1289 3220 spirituali,
1308 3136 1393 3202 tunc
1409 3130 1505 3200 enim

168 3249 289 3332 potest
312 3250 347 3313 et
369 3240 474 3312 debet
498 3241 544 3313 ad
569 3241 637 3313 hoc
662 3265 703 3315 se
720 3242 894 3336 obligare,
908 3243 1136 3333 etjudicium
1151 3243 1261 3316 buius
1274 3247 1505 3319 necessitatis

168 3363 310 3449 spectat
333 3358 379 3430 ad
405 3357 622 3452 Ecclesiam,
648 3359 731 3432 hino
756 3361 787 3432 si
812 3361 979 3432 Ecclesia
1002 3359 1121 3432 adium
1152 3362 1372 3450 judicaverit
1412 3366 1505 3436 Gon-

168 3473 361 3546 cordatum
383 3495 470 3548 esse
494 3475 728 3566 servandum,
753 3485 839 3550 tunc
863 3499 977 3549 casus
1017 3479 1084 3550 erit
1108 3479 1144 3550 in
1168 3500 1240 3573 quo
1281 3480 1325 3548 cb
1366 3480 1502 3558 bonum

170 3591 360 3682 spirituale
396 3591 652 3664 sustinendum
676 3593 744 3666 erit
767 3593 1023 3680 detrimentum
1059 3593 1270 3687 temporale,
1297 3605 1332 3666 et
1355 3595 1504 3687 proinde

170 3707 347 3800 Princeps
371 3709 417 3780 ob
441 3707 566 3780 Status
590 3709 925 3784 subordinationem
949 3712 1045 3783 bono
1070 3711 1247 3804 spirituali
1272 3710 1391 3784 adhuc
1409 3721 1506 3783 tene-

171 3833 272 3898 retur
295 3826 492 3897 observare
516 3824 795 3899 Concordatum.

260 3941 400 4014 Tamen
416 3943 585 4014 Ecclesia
599 3942 643 4012 de
659 3942 752 4036 iacto
777 3944 947 4014 observat
971 3943 1239 4018 concordatum
1255 3947 1372 4018 donec
1388 3956 1506 4040 potest

172 4061 252 4130 sine
277 4058 429 4130 evidenti
453 4057 670 4131 detrimento
694 4059 924 4151 animarum,
951 4069 987 4132 et
1009 4063 1164 4134 multum
1201 4071 1305 4134 cavet
1332 4087 1377 4136 ne
1401 4087 1504 4138 occa·

172 4177 315 4246 sionem
340 4173 589 4248 subministret
612 4177 856 4248 calumniandi
881 4185 916 4249 et
938 4185 1065 4250 contra
1090 4201 1131 4249 se
1156 4179 1334 4251 hostiliter
1357 4183 1502 4272 agendi,

173 4291 256 4364 hinc
280 4293 350 4364 etsi
375 4313 501 4364 verum
525 4302 625 4364 esset
649 4291 873 4366 Concordate
896 4293 940 4365 de
960 4296 1044 4383 jure
1070 4315 1181 4387 posse
1206 4296 1251 4367 ab
1268 4295 1435 4369 Ecclesia
1452 4321 1506 4369 re·

172 4411 334 4482 revecari
360 4407 407 4480 ad
431 4409 586 4498 libitum,
625 4417 743 4480 tamen
780 4409 956 4482 hactenus
981 4409 1050 4484 boc
1070 4412 1136 4501 jus
1159 4429 1233 4483 non
1273 4413 1445 4504 exercuit,
1472 4423 1507 4486 et

172 4533 313 4598 certum
337 4527 513 4618 estquod
539 4547 585 4598 ex
609 4528 756 4598 arbitrio
782 4549 898 4621 neque
924 4528 1108 4600 exercebit
1132 4533 1168 4600 in
1192 4528 1314 4600 futuro
1338 4529 1406 4602 sed
1429 4537 1504 4602 tan-

173 4650 250 4714 tum
274 4663 318 4714 ex
340 4645 586 4734 necessitate,
623 4645 729 4734 igitur
768 4652 971 4718 remaneret
1004 4646 1069 4733 jus
1106 4644 1308 4718 theoricum
1340 4645 1503 4719 sednon

174 4759 385 4852 practicum.
412 4761 458 4832 Et
479 4761 625 4854 quando
663 4761 851 4854 Principes
875 4783 922 4834 ex
947 4783 1016 4834 sua
1057 4772 1158 4856 parte
1197 4782 1271 4835 non
1296 4764 1502 4852 observant,

175 4873 342 4948 Ecclesia
365 4897 437 4949 non
461 4876 633 4950 rescindit
657 4876 925 4951 concordatum
950 4878 1015 4950 sed
1039 4887 1146 4972 urget
1183 4880 1264 4952 eius
1305 4881 1504 4952 observan·
1621 4925 1623 4930 ·

175 4992 273 5082 tiam,
299 4991 498 5087 etquidem
524 5015 595 5064 non
619 5003 692 5064 tam
717 5017 761 5065 ex
784 4993 909 5065 Status
933 4994 1230 5068 subordinatione
1265 5019 1374 5092 quam
1400 5017 1446 5072 ex
1470 4997 1507 5067 vi
