4054 6322
535 759 581 833 at

524 933 617 1007 Vide
639 933 792 1026 exempli
817 934 933 1024 gratia
956 931 1205 1004 Monarchiam
1230 921 1433 1004 Ecclesiae.
1461 933 1498 1005 iu
1524 935 1692 1006 Ecclesia
1705 934 1770 1006 ha·

435 1052 565 1121 bemus
589 1049 795 1140 exemplum
819 1047 1005 1120 ordinatae
1033 1046 1279 1134 Monarchae,
1319 1057 1353 1119 et
1388 1049 1577 1140 regiminis
1609 1050 1767 1143 perlecti,

433 1165 531 1258 quod
554 1163 704 1236 habetur
726 1186 770 1235 ex
795 1164 952 1256 perlecta
976 1163 1200 1234 Hierarchia.
1227 1167 1436 1236 Auctoritas
1459 1165 1557 1235 enim
1581 1186 1675 1259 quae
1692 1168 1771 1237 uni·

435 1282 590 1355 versatis
614 1293 649 1353 et
672 1281 922 1373 independens
956 1287 1013 1351 est
1048 1280 1084 1350 in
1121 1280 1294 1350 pontifice
1331 1281 1465 1374 profert
1490 1269 1666 1373 leipsam,
1700 1304 1769 1353 seu

434 1398 646 1469 exercitium
667 1396 903 1485 auctoritate,
943 1418 1007 1488 per
1042 1403 1154 1468 totam
1189 1396 1393 1468 Ecclesiam
1428 1418 1492 1488 per
1520 1397 1763 1486 patriarchae,

434 1516 624 1600 Primates,
651 1512 995 1606 Archiaepiscopos,
1015 1513 1232 1605 Episcopos,
1253 1512 1432 1608 usquead
1449 1513 1616 1605 singulas
1640 1515 1770 1584 Parae-

328 1666 329 1670 *
434 1631 512 1702 cias
536 1652 602 1723 per
625 1629 842 1717 Parrochos‚
867 1651 961 1721 quae
986 1629 1180 1701 Paraeciae
1215 1639 1301 1700 sunt
1325 1629 1359 1700 in
1385 1629 1552 1700 Ecclesia
1584 1631 1692 1701 veluti
1717 1630 1770 1701 ia·

434 1747 554 1818 miliae
578 1747 614 1817 in
637 1747 817 1818 Societate
842 1745 956 1816 Civili.
982 1747 1082 1826 Quae
1106 1746 1351 1838 multiplicitas
1387 1746 1582 1818 Pastorum
1605 1746 1652 1816 ad
1675 1751 1768 1837 regi·

434 1883 518 1933 men
542 1863 728 1934 Ecclesiae
753 1863 859 1933 habet
881 1862 1158 1934 fundamentum
1182 1863 1217 1931 in
1243 1863 1466 1934 institutione
1496 1862 1630 1951 divina,
1670 1861 1770 1934 Cirri-

434 1986 515 2049 stus
540 1980 718 2075 Dominus
742 1980 838 2062 enim
861 1980 968 2069 elegit
991 1977 1184 2049 duodecim
1207 1979 1406 2069 Apostolos
1421 1979 1468 2050 ad
1485 1978 1683 2068 regendam
1702 1981 1771 2050 Ec·

433 2095 583 2166 clesiam
606 2116 680 2168 una
704 2117 801 2184 cum,
828 2104 862 2165 et
886 2094 956 2166 snb
980 2097 1089 2165 Beato
1114 2098 1232 2181 Petro,
1259 2103 1295 2165 et
1316 2095 1519 2187 discipulos
1538 2097 1770 2200 septuaginta

433 2210 479 2281 ad
503 2233 569 2282 eos
592 2211 877 2282 coadiuvandos.

523 2327 625 2407 Quod
649 2327 746 2398 idem
769 2328 947 2398 babemus
973 2329 1007 2398 in
1033 2327 1154 2398 Veteri
1179 2329 1426 2415 Testamento,
1447 2329 1548 2399 Deus
1571 2329 1667 2398 enim
1697 2297 1767 2398 ele3

432 2445 484 2536 git
507 2445 650 2516 Moisen
675 2444 939 2534 Legislatorem
976 2453 1010 2514 et
1044 2444 1175 2516 ducem
1214 2445 1334 2536 populi
1365 2445 1481 2532 eiecti,
1508 2444 1683 2515 sedeam
1707 2443 1769 2512 do·

376 2656 381 2662 .
432 2563 505 2631 cuit
528 2561 573 2631 de
596 2560 704 2631 modo
728 2559 876 2651 regendi
901 2561 1175 2652 populumsqui
1201 2561 1334 2632 modus
1367 2569 1424 2631 est
1447 2563 1572 2654 piures
1597 2561 1764 2650 eligendi,

433 2688 474 2750 ut
496 2677 671 2770 populum
696 2677 732 2746 in
755 2678 881 2769 plures
905 2684 1028 2768 partes
1062 2687 1096 2748 et
1131 2677 1279 2748 ordines
1313 2671 1540 2749 subdivisum
1564 2676 1769 2748 immediate

432 2801 569 2886 regant,
596 2805 635 2864 et,
653 2795 870 2884 gubernent,
896 2815 970 2864 una
993 2816 1090 2881 curn,
1113 2802 1149 2866 et
1172 2795 1242 2865 sub
1267 2795 1390 2886 Capite
1414 2793 1472 2864 cui
1497 2793 1543 2866 de
1567 2793 1679 2863 rebus
1703 2791 1768 2862 du·

431 2912 500 2982 biis
525 2911 738 3002 praesertim
762 2910 1078 3002 principalioribus
1097 2911 1277 3000 judicium
1303 2918 1482 2982 serretur.

904 3085 907 3092 ’
997 3105 1200 3160 concauam.

521 3264 613 3335 Hinc
637 3264 813 3356 estquod
848 3263 981 3333 Forma
1016 3262 1252 3353 praeferenda
1287 3263 1322 3332 in
1348 3263 1519 3332 societate
1552 3269 1608 3331 est
1633 3262 1768 3330 Forma

433 3381 665 3451 ntonarchica
687 3387 897 3470 temperata,
925 3379 1128 3472 etquidem
1153 3377 1221 3449 hoc
1246 3384 1574 3469 temperamentum
1608 3378 1770 3448 nouerit

430 3496 695 3589 expectendum
718 3519 763 3567 ex
787 3497 948 3567 libertate
980 3491 1213 3583 Monarchae,
1248 3515 1317 3565 seu
1353 3515 1426 3564 non
1449 3495 1516 3565 erit
1543 3494 1768 3564 committen-

430 3613 518 3684 dum
542 3613 695 3684 libertati
719 3611 953 3700 Monarchae,
979 3633 1066 3683 cum
1090 3619 1123 3681 et
1148 3610 1227 3702 ipse
1251 3609 1451 3681 Monarcha
1475 3611 1521 3680 sit
1545 3609 1705 3679 tallibilis
1736 3617 1770 3679 et

431 3729 637 3820 peccabilis
664 3727 819 3799 sederit
843 3728 1076 3799 statuendum
1101 3727 1243 3818 in'ipsa
1273 3727 1458 3797 societatis
1494 3726 1764 3811 constitutione,

431 3843 739 3937 quemadmodum
751 3846 854 3915 Deus
865 3843 1049 3916 constituit
1065 3845 1101 3915 in
1118 3865 1188 3915 suo
1206 3824 1353 3935 populo,
1372 3842 1625 3933 praecipiendo
1642 3840 1765 3928 troisi,

431 3970 465 4030 et
489 3959 657 4032 Christus
681 3962 859 4033 Dominus
884 3961 920 4031 in
945 3983 1016 4032 sua
1040 3960 1218 4031 Ecclesia.
1292 4001 1295 4006 ·
