4054 6322
483 969 594 1055 alium
618 981 803 1072 eligerent.
829 981 910 1054 Dixi
934 979 979 1052 de
1002 1001 1094 1052 casu
1118 978 1294 1052 evidentis
1318 986 1353 1050 et
1377 979 1583 1052 constantis
1607 978 1814 1071 impietatis,

484 1121 557 1170 uon
581 1099 679 1170 enim
701 1097 822 1170 liceret
845 1098 985 1169 civibus
1003 1098 1142 1187 Regem
1157 1096 1339 1188 deponere
1358 1097 1403 1166 ob
1418 1098 1562 1190 aliquos
1578 1095 1734 1184 abusus,
1754 1096 1809 1166 vel

484 1215 592 1286 etiam
605 1214 650 1284 ob
662 1211 807 1306 aliquod
830 1213 980 1301 crimen,
998 1211 1199 1284 humanum
1223 1221 1279 1284 est
1301 1211 1398 1282 enim
1415 1231 1548 1299 errare,
1568 1219 1603 1282 et
1619 1210 1814 1303 aliquando

484 1331 592 1401 etiam
616 1347 778 1422 peccare,
805 1329 854 1400 uti
880 1335 1043 1419 peccavit
1076 1329 1156 1398 Rex
1191 1327 1316 1416 David,
1343 1336 1377 1398 et
1401 1327 1547 1398 nonnisi
1580 1327 1675 1396 alius
1706 1325 1815 1398 homo

484 1444 641 1516 fallibllis
664 1451 698 1516 et
721 1444 917 1535 peccabilis
941 1453 1066 1536 posset
1091 1465 1113 1514 a
1135 1443 1276 1515 civibus
1311 1443 1406 1533 eligi.
1443 1442 1596 1534 Insuper
1619 1441 1817 1518 notandum
1922 1491 1924 1498 ,

484 1583 558 1634 non
592 1581 738 1652 semper
773 1580 884 1654 posse
916 1561 1016 1634 cives
1050 1561 1190 1652 Regem
1225 1560 1408 1652 deponere
1448 1568 1482 1632 et
1520 1560 1631 1632 alium
1667 1557 1814 1649 eligere,

484 1678 626 1748 etiamsi
643 1683 744 1748 esset
756 1675 1008 1769 deponendus,
1029 1685 1063 1748 et
1079 1678 1147 1748 lroc
1164 1677 1302 1748 ratione
1317 1675 1536 1748 damnorum
1552 1697 1644 1768 quae
1661 1682 1812 1767 possent

484 1793 658 1886 consequi
682 1815 730 1866 ex
752 1793 990 1888 depositione,
1017 1802 1056 1866 ut
1079 1791 1264 1883 anarchia,
1291 1792 1427 1865 bellum
1450 1792 1554 1864 civile
1577 1801 1641 1864 etc.

573 1913 653 1982 Rex
677 1917 796 2002 potest
819 1910 896 1982 fieri
921 1909 1077 2002 incapax
1092 1911 1330 2000 auctoritatis,
1350 1910 1406 1982 vel
1431 1909 1573 1981 delectu
1597 1909 1742 1997 mentis,
1761 1907 1817 1978 vel

484 2049 530 2098 ex
554 2027 695 2098 deiectu
718 2027 926 2114 voluntatis,
954 2047 1023 2098 seu
1048 2028 1103 2098 vel
1128 2048 1174 2098 ex
1198 2025 1380 2098 dementia
1416 2026 1472 2096 vel
1496 2047 1542 2098 ex
1566 2026 1757 2117 impietate,
1785 2032 1819 2094 et

482 2152 568 2214 tunc
591 2150 711 2240 potest
744 2142 903 2216 destitui.
942 2143 978 2215 S.
1013 2143 1175 2214 Thomas
1200 2144 1248 2214 ita
1273 2143 1379 2214 habet
1403 2143 1439 2213 in
1464 2142 1650 2234 Opusculo
1674 2165 1738 2220 nrt.
1766 2146 1818 2213 De

482 2258 673 2348 Regimine
695 2259 926 2360 Principum:
955 2261 971 2298 ‘⁸
997 2259 1035 2329 Si
1051 2257 1175 2348 adjus
1193 2257 1433 2330 multitudinis
1448 2259 1626 2349 pertineat
1649 2259 1718 2330 sibi
1735 2283 1819 2353 pro·

486 2374 642 2448 “videre
664 2374 710 2448 de
733 2377 849 2467 Rege,
874 2397 948 2448 non
971 2375 1108 2464 injuste
1144 2375 1190 2446 ab
1224 2373 1351 2448 eadem
1379 2377 1461 2446 Rex
1484 2375 1674 2448 institutus
1695 2385 1818 2468 'potest

488 2491 721 2566 “destitui....
747 2491 786 2564 Si
809 2513 897 2566 rero
921 2492 1053 2582 adjus
1077 2493 1235 2568 alicuius
1259 2493 1464 2584 Superioris
1499 2493 1678 2585 pertineat
1696 2495 1818 2573 multi-

487 2605 633 2679 “tudini
657 2608 845 2700 providere
869 2608 913 2680 de
939 2611 1053 2700 Rege,
1090 2609 1359 2702 expectandum
1393 2616 1450 2682 est
1473 2609 1519 2678 ab
1543 2631 1587 2680 eo
1611 2610 1816 2686 remedium

487 2728 502 2764 “
520 2733 646 2798 contra
667 2725 810 2815 tyranni
833 2725 1086 2820 nequitiam...
1104 2725 1211 2808 Quod
1235 2726 1267 2796 si
1283 2733 1409 2797 contra
1425 2733 1620 2816 tyrannum
1636 2727 1816 2798 auxillum

487 2841 723 2914 “humanum
746 2839 869 2914 haberi
894 2863 967 2914 non
991 2851 1121 2936 potest,
1157 2832 1420 2916 recurrendum
1448 2850 1504 2912 est
1535 2841 1581 2912 ad
1612 2843 1753 2942 Regem
1779 2866 1815 2914 o·

487 2959 660 3031 “mnium
682 2957 800 3034 Deum
823 2965 891 3030 eto.
920 3011 951 3051 „.
1553 2961 1556 2968 ‘

573 3076 632 3146 Ait
654 3075 691 3144 S.
715 3074 876 3149 Thomas
899 3084 1093 3166 tyrannum
1113 3079 1214 3166 juste
1238 3099 1350 3170 posse
1365 3077 1523 3165 destitui,
1543 3077 1577 3146 id
1594 3086 1719 3151 autem
1736 3077 1813 3148 fieri

484 3193 617 3270 debere
631 3192 740 3264 modo
756 3193 928 3283 legitimo,
947 3215 1076 3286 nempe
1092 3217 1115 3264 a
1130 3195 1326 3286 Superiora
1351 3195 1382 3264 si
1406 3194 1502 3265 adsit
1518 3195 1693 3286 Superior
1709 3216 1809 3283 erng.

484 3313 516 3382 si
540 3318 669 3402 egetur
691 3309 736 3380 de
760 3309 924 3404 Principe
947 3309 1073 3386 Status
1097 3309 1283 3384 Foederatl
1309 3320 1344 3383 et
1378 3312 1540 3399 subjecto
1573 3309 1733 3382 Praesidi
1759 3319 1814 3381 to-

484 3428 557 3500 tius
581 3424 864 3511 Foederationis‚
902 3446 1008 3496 secus
1042 3447 1115 3497 non
1150 3427 1285 3515 injuste
1321 3428 1446 3518 poterit
1480 3427 1624 3500 destitui
1660 3427 1813 3518 abipso

485 3544 632 3638 populo.
996 3611 997 3614 ,

572 3660 639 3732 Hic
663 3681 797 3733 rursus
820 3658 1039 3732 adnotamus
1074 3661 1110 3729 in
1144 3660 1326 3756 aliquibus
1349 3662 1513 3734 Statibus
1537 3662 1715 3754 populum
1734 3663 1815 3748 jam

485 3778 618 3850 habere
641 3785 957 3869 repraesentantes
990 3777 1220 3867 constitutos,
1250 3777 1304 3883 ¹ad
1337 3799 1430 3874 quos
1466 3781 1499 3848 vi
1536 3777 1814 3849 constitutionis

484 3896 634 3987 pertinet
649 3894 844 3968 destituere
861 3895 1001 3986 Regem
1019 3896 1072 3964 vel
1089 3891 1301 3967 Praesidem
1326 3897 1362 3967 in
1385 3917 1476 3968 casu
1493 3895 1739 3987 incapacitatis
1758 3894 1811 3963 vel

464 4012 747 4103 'incorregibills
771 4012 975 4104 impietatis,
1002 4012 1101 4083 utin
1124 4012 1286 4084 Statibus
1310 4011 1443 4084 Unitis.

573 4129 625 4200 lla
647 4129 780 4220 pariter
802 4129 839 4197 in
862 4128 976 4199 Sacro
1002 4128 1167 4221 Imperio,
1205 4128 1423 4222 Imperatore
1447 4130 1619 4201 destituto
1639 4130 1723 4218 jure
1749 4131 1814 4200 lm·
1934 4225 1935 4230 Ἰ

485 4238 573 4330 perii
593 4238 699 4326 juxte
721 4235 946 4310 conditiones
970 4236 1134 4308 electioni
1158 4239 1358 4329 appositas,
1379 4245 1464 4329 puta
1481 4239 1511 4308 si
1530 4246 1631 4308 esset
1648 4237 1811 4307 Pontifici

484 4354 639 4439 hostilis,
660 4356 738 4443 J'am
762 4353 912 4428 aderant
936 4353 1113 4425 electores
1136 4377 1182 4428 ox
1207 4356 1286 4446 lege
1310 4355 1369 4450 qui
1406 4354 1583 4426 debebant
1616 4353 1727 4425 alium
1752 4352 1815 4424 eli·

484 4492 582 4563 gere.
610 4471 648 4542 ln
673 4473 802 4600 Rpgno
825 4469 996 4542 Poloniae
1015 4472 1080 4559 jus
1103 4471 1319 4544 destituendi
1357 4471 1555 4564 pertinebat
1589 4471 1635 4542 ad
1659 4471 1812 4542 Dietam.

484 4589 529 4660 In
551 4589 751 4681 Republica
775 4589 978 4663 Venetiana
1001 4588 1069 4658 hoc
1088 4590 1157 4676 jus
1178 4588 1357 4660 habebant
1382 4590 1417 4658 in
1442 4589 1576 4680 Magno
1595 4587 1787 4658 Consilio..

574 4705 612 4776 ln
636 4705 718 4778 aliis
741 4705 902 4778 Statibus
924 4713 1019 4798 potet
1052 4713 1366 4797 repraesentantes
1397 4707 1519 4797 populi
1552 4724 1637 4776 esse
1677 4705 1814 4797 primos

485 4821 723 4919 Magistratus
755 4825 811 4897 vol
845 4823 1030 4916 digniores
1064 4823 1202 4914 Status,
1239 4823 1373 4914 quibus
1406 4829 1505 4896 certe
1532 4830 1588 4894 est
1620 4822 1685 4913 jus
1707 4821 1816 4894 desti·
