4054 6322
820 9 827 18 .
913 7 922 18 .
936 8 945 19 .
1129 1 1196 3 ⁷
1215 1 1282 38 5⁷¹
1606 1 1697 70 '’3‘'
1722 11 1945 36 ....,...,„..,‘‚„‚„„„
1968 15 2019 38 w,

1279 21 1610 393 Ὢ

1437 778 1586 848 11=

245 958 370 1032 tuendi
395 959 538 1049 Regem
561 957 598 1027 in
622 975 714 1026 casu
738 953 940 1026 dementiae
965 954 1020 1022 vet
1044 951 1260 1042 tyrannidis,
1293 959 1334 1023 ut
1357 953 1505 1040 regulae
1524 954 1583 1042 ju-

246 1076 366 1148 stitiae
391 1081 425 1146 et
448 1073 645 1166 aequitatis
671 1077 868 1142 serventur
892 1073 926 1140 in
943 1069 1295 1157 destitutionejuirta
1305 1069 1371 1157 jus
1388 1090 1582 1163 commune
1695 1053 1697 1062 ’

245 1193 275 1262 si
303 1191 452 1282 regulae
477 1189 716 1280 particulares
738 1186 859 1258 desint
883 1209 928 1258 ex
951 1185 1227 1257 constitutione.
1253 1185 1348 1256 Hinc
1364 1185 1395 1255 si
1419 1187 1500 1258 Rex
1521 1186 1582 1256 de·

246 1307 342 1378 ficiat
365 1329 410 1378 ex
435 1305 671 1397 incapacitate
697 1311 871 1396 poterunt
895 1302 1082 1394 providere
1107 1302 1286 1393 Regenda
1309 1301 1365 1373 vet
1389 1301 1530 1392 Tutela,
1549 1303 1580 1372 si

244 1446 288 1496 ex
313 1425 435 1494 reitate
459 1419 676 1494 emendabili
702 1426 873 1512 poterunt
896 1418 1087 1511 providere
1112 1419 1219 1490 novis
1241 1418 1380 1490 fraenis
1396 1417 1443 1489 ad
1459 1420 1580 1510 ipsum

242 1537 503 1612 continendum
526 1545 562 1609 et
584 1535 870 1624 emendandum,
897 1536 930 1606 si
947 1535 1115 1626 exculpe
1139 1534 1381 1626 incorregibili
1396 1536 1581 1628 personali

244 1677 315 1726 non
339 1656 406 1726 erit
430 1653 613 1746 punienda
636 1659 711 1724 tota
734 1651 882 1740 familia,
908 1652 940 1722 si
965 1673 1012 1722 ex
1035 1651 1143 1741 culpa
1166 1651 1277 1722 totius
1292 1650 1447 1724 familiae
1463 1673 1581 1745 poena

199 1833 201 1836 .
244 1794 316 1844 nou
341 1772 409 1843 erit
432 1769 661 1842 extendenda
684 1771 747 1841 toti
771 1769 914 1860 corpori
938 1767 1095 1860 politica.

333 1888 474 1968 Quibus
497 1893 650 1980 apparet
672 1907 782 1978 qrram
806 1885 879 1954 sint
902 1883 1027 1974 injusti
1052 1885 1185 1958 modus
1216 1886 1442 1957 insurrectivi
1469 1909 1581 1978 popu-

245 2005 356 2093 lareS,
382 2005 543 2096 exceptis
559 2003 710 2074 casibus
727 2010 910 2074 extremae
929 2003 1159 2075 necessitatis
1184 2003 1290 2091 juxta
1320 2003 1436 2094 prima
1470 2003 1581 2074 verba

242 2123 280 2192 S.
302 2121 478 2208 Thomae,
504 2141 672 2214 quorum,
694 2121 774 2208 jam
798 2120 905 2190 citata
929 2121 1105 2210 superius
1123 2127 1208 2190 sunt
1224 2119 1444 2190 declarativa
1463 2125 1478 2160 “
1495 2142 1581 2191 con-

246 2231 338 2310 “tra
371 2231 564 2320 Tyrannus
588 2248 718 2319 nempe
744 2226 891 2320 procedi
915 2227 1047 2298 debere
1072 2249 1145 2298 non
1176 2249 1240 2320 per
1274 2227 1451 2320 privatam
1475 2249 1578 2319 prae·

245 2345 527 2437 “sumptionem
550 2345 769 2436 aliquorum,
796 2343 863 2416 sed
887 2363 951 2434 per
975 2344 1157 2435 publicam
1182 2345 1431 2416 auctoritatem
1450 2397 1480 2436 ,.

251 2477 253 2480 ’
339 2517 418 2589 ιιι.
448 2513 525 2584 ιιι.
546 2557 586 2567 -
605 2516 649 2586 ιιι
672 2515 776 2589 raon
798 2514 917 2588 socan
938 2556 978 2566 -
996 2515 1167 2587 ιιιιιιιιιι
1191 2511 1323 2589 sacrun
1346 2515 1485 2590 sarna

333 2687 505 2784 Nonnulli
541 2678 762 2757 Publicistae
797 2683 934 2756 saeculi
971 2683 1219 2756 decimioctavi
1251 2693 1290 2756 ut
1314 2686 1514 2778 Spedalieri
1546 2696 1580 2759 et

243 2805 302 2877 alii
327 2803 557 2874 admiserunt
590 2808 737 2893 pactum
771 2801 908 2872 sociale
944 2801 992 2870 ita
1027 2801 1302 2872 ratiocinantes:
1333 2803 1511 2874 Homines
1535 2826 1580 2876 ex

243 2919 398 2992 naturali
423 2918 605 2990 tendentia
629 2917 804 2988 uniuntur
827 2936 912 2988 cum
935 2915 1019 2988 aliis
1044 2917 1078 2985 in
1104 2917 1278 2990 societate
1301 2917 1408 3005 civili,
1434 2927 1474 2989 ut
1491 2919 1579 2990 vidi-

202 3086 205 3094 .
243 3057 342 3106 mus·
369 3035 532 3106 iamvero
555 3032 724 3128 homines
747 3039 834 3105 sunt
858 3031 972 3120 liberi,
999 3033 1032 3104 si
1057 3054 1145 3123 ergo
1163 3033 1393 3108 inveniuntur
1409 3035 1445 3105 in
1463 3037 1579 3108 socie·

241 3161 312 3222 tate
335 3151 429 3224 cirili
454 3147 649 3222 dicendum
672 3149 833 3222 adfuisse
857 3157 1004 3241 pactum
1026 3170 1099 3242 quo
1117 3149 1295 3240 originem
1315 3151 1440 3222 habuit
1464 3151 1579 3224 civilis

242 3269 414 3355 societas,
433 3266 464 3336 vi
482 3267 589 3338 cuius
613 3266 719 3358 pacti,
744 3288 790 3338 en
808 3287 922 3354 error,
950 3265 1018 3356 ipsi
1036 3272 1071 3338 et
1087 3265 1223 3358 posteri
1246 3273 1416 3340 tenentur
1433 3267 1579 3340 obedire

242 3383 417 3472 societati,
442 3382 527 3475 quia
551 3403 596 3454 ex
619 3382 800 3473 primitivo
825 3382 885 3452 illo
922 3389 1026 3472 pacto
1062 3381 1266 3454 amiserunt
1297 3383 1499 3471 libertatem
1527 3385 1575 3453 vi-

242 3499 347 3573 vendi
373 3499 408 3568 in
433 3499 607 3572 societate
630 3500 687 3570 vel
711 3521 798 3585 non,
824 3500 933 3569 itaut
960 3497 1127 3569 homines
1153 3497 1184 3567 vi
1208 3498 1303 3590 pacti
1325 3499 1498 3590 primitivi
1516 3525 1578 3572 na-

241 3623 392 3690 scantur
416 3614 579 3686 societati
603 3613 697 3686 civili
721 3614 832 3705 ligati.
859 3615 914 3684 En
932 3615 1040 3705 igitur
1057 3636 1171 3686 error.
1190 3613 1395 3686 Admittunt
1410 3613 1577 3690 homines

244 3755 340 3803 nuno
367 3731 486 3804 vivere
509 3731 544 3802 in
571 3731 742 3802 societate
765 3731 872 3816 civili,
891 3753 964 3802 non
981 3753 1026 3802 ex
1042 3732 1155 3802 libera
1170 3731 1346 3804 electione
1362 3733 1430 3804 sed
1446 3736 1575 3824 coacti,

241 3857 276 3921 et
300 3870 385 3921 cum
410 3847 478 3919 boc
502 3855 681 3940 repugnet
703 3847 887 3918 humanae
922 3847 1087 3935 libertati,
1125 3847 1308 3950 duxeruut
1339 3859 1484 3939 pactum
1508 3853 1578 3943 pri-

242 3966 406 4070 mitivum
440 3986 511 4056 quo
548 3962 715 4035 homines
750 3985 795 4034 ex
829 3963 1236 4034 consensu'amiserint
1259 3963 1353 4036 hanc
1377 3967 1577 4040 libertatem

241 4080 408 4172 eligendo
432 4081 655 4169 societatem,
681 4079 773 4150 etri
799 4079 909 4152 liuius
934 4080 1028 4172 pacti
1054 4080 1220 4171 primitivi
1255 4103 1385 4156 ornnes
1410 4082 1577 4156 homines

230 4199 441 4270 *nascantur
463 4217 548 4269 cum
573 4195 790 4288 obligatione
815 4194 955 4266 vivendi
980 4196 1015 4264 in
1040 4195 1214 4268 societate
1244 4197 1351 4269 civili.

633 4387 843 4445 aerumna
870 4341 1006 4445 PXCTUM
1034 4387 1190 4446 suctim.

330 4544 570 4616 Recentiores
593 4544 875 4617 confutaverunt
910 4566 1072 4616 errorem
1106 4547 1204 4636 pecti
1236 4547 1384 4621 socialis
1408 4519 1576 4640 negando

242 4661 378 4732 factum
402 4661 525 4734 lictum
549 4684 572 4733 a
595 4661 803 4734 Publicistis
827 4661 967 4736 saecuti
991 4662 1226 4736 decimoctsvi
1251 4665 1377 4735 veleb
1402 4665 1472 4736 illis
1489 4687 1577 4758 sup·

241 4778 387 4870 positun
395 4799 415 4868 ι,
441 4777 597 4852 alicuius
619 4799 751 4871 nempe
774 4778 883 4852 veluti
907 4779 1129 4855 universatis
1152 4787 1356 4854 conventus
1387 4781 1576 4856 hominum
