4054 6322
635 871 682 944 80

536 1047 641 1135 pacti.
670 1045 714 1116 Et
738 1047 827 1116 ratio
852 1053 908 1116 est
924 1045 1086 1132 evidens,
1113 1046 1144 1116 si
1157 1047 1253 1117 enim
1278 1046 1401 1117 Status
1428 1067 1498 1117 non
1523 1045 1707 1134 observat,
1732 1041 1870 1117 honest

535 1183 580 1232 ex
603 1163 685 1233 eius
708 1159 914 1248 hostilitate,
941 1161 972 1232 si
998 1162 1105 1251 igitur
1128 1162 1235 1233 laedit
1260 1163 1464 1233 Ecclesiam
1499 1162 1606 1232 etiam
1631 1183 1717 1233 cum
1741 1161 1870 1233 Eccle-

535 1278 591 1347 sia
614 1278 661 1348 sit
684 1277 716 1349 ei
738 1277 946 1348 favorabilis
971 1279 1016 1348 ob
1040 1285 1277 1350 conservatas
1301 1279 1564 1349 concessiones
1588 1277 1706 1348 eidem
1737 1277 1865 1364 iactae,

534 1393 650 1464 multo
673 1396 793 1485 magis
815 1394 1017 1466 timendum
1041 1403 1142 1468 essct
1165 1393 1210 1465 de
1234 1395 1316 1466 eius
1339 1392 1535 1465 hostilitate
1551 1393 1780 1466 retractando
1797 1392 1866 1464 has

535 1511 810 1582 concessiones.
837 1512 925 1584 ltem
964 1511 1152 1582 invocatur
1185 1512 1312 1580 titulus
1351 1511 1602 1582 conventionis
1634 1511 1869 1604 potiusquam

535 1627 801 1717 superioritatls
824 1628 1025 1715 Ecclesiae,
1044 1628 1129 1720 quia
1153 1627 1210 1697 ille
1233 1635 1291 1696 est
1314 1629 1432 1716 magis
1468 1629 1674 1698 communis
1698 1634 1734 1696 et
1765 1633 1868 1696 natu·

533 1743 633 1830 ralia,
659 1743 812 1834 ideoque
847 1743 1049 1834 appellatur
1073 1742 1319 1831 adjustitiam
1354 1741 1532 1835 Principis
1557 1743 1588 1813 si
1613 1741 1701 1811 nihil
1726 1742 1867 1834 sperari

533 1868 652 1954 potest
674 1882 718 1930 ex
743 1860 825 1930 cius
849 1859 1052 1949 Religione.
1429 1953 1432 1958 Ι

621 1976 800 2048 Summus
824 1975 991 2046 Pontifex
1014 1982 1157 2046 tenetur
1180 1975 1227 2046 ad
1250 1975 1517 2046 concordatum
1535 1975 1601 2046 sed
1617 1974 1734 2046 donec
1758 1975 1869 2046 huius

533 2091 736 2164 observatio
761 2092 947 2184 possibilis
971 2093 1130 2163 estsine
1155 2091 1368 2163 detrimento
1404 2093 1623 2181 animarum,
1649 2091 1747 2182 quod
1772 2112 1868 2162 sem-

534 2231 599 2302 per
622 2207 914 2298 subintelligitur,
941 2229 1009 2279 nec
1033 2209 1129 2278 enim
1165 2207 1270 2279 salus
1286 2301 1288 2306 Ι
1305 2210 1511 2280 animarum
1546 2205 1708 2299 impediri
1751 2215 1870 2298 potest

530 2344 758 2420 quacumque
782 2325 995 2396 auctoritate
1019 2333 1083 2394 aut
1106 2326 1283 2416 pectione,
1311 2334 1346 2394 et
1369 2325 1495 2395 Status
1520 2331 1662 2394 tenetur
1687 2333 1785 2394 stare
1806 2323 1868 2409 ju·
1993 2395 1994 2404 ,

530 2443 623 2512 dicio
647 2439 848 2512 Ecclesiae.
876 2439 1046 2511 Ceterum
1060 2439 1233 2511 hoccasu
1257 2449 1408 2532 excepto
1432 2441 1611 2510 Summus
1635 2439 1800 2510 Pontifex
1817 2445 1866 2507 te-

530 2567 636 2630 netur
659 2557 855 2629 observare
880 2556 1148 2627 concordatum
1188 2557 1320 2648 duplici
1357 2555 1589 2646 obligatione,
1617 2578 1661 2626 ex
1687 2556 1867 2646 sapientia

451 2663 455 2672 ’
533 2693 663 2766 nempe
688 2671 906 2764 legislatoris
930 2673 1015 2764 quia
1038 2674 1140 2762 leges
1165 2694 1237 2743 non
1263 2682 1349 2743 sunt
1372 2673 1417 2743 de
1447 2669 1541 2742 laeili
1582 2670 1806 2755 mutandae,
1832 2679 1867 2740 et
1993 2757 1994 2760 Ἴ

532 2814 578 2862 en
603 2787 770 2860 fidelitate
794 2790 829 2858 in
854 2796 960 2879 paeto
984 2789 1225 2860 observando.
1252 2788 1348 2860 Sane
1374 2790 1409 2858 in
1434 2788 1605 2859 omnibus
1629 2787 1867 2857 Concordatis

535 2907 676 2978 Summi
713 2905 907 2976 Pontifices
942 2907 1133 2996 expressis
1169 2905 1290 2976 verbis
1316 2905 1526 2996 promittunt
1564 2925 1629 2996 pro
1654 2911 1754 2973 seat
1784 2904 1866 2974 suis

534 3021 814 3094 successoribus
854 3028 1064 3112 perpetuam
1088 3029 1122 3092 et
1146 3019 1288 3092 fidelem
1329 3020 1620 3108 observantiam,
1648 3028 1683 3092 et
1707 3019 1869 3110 obligant

531 3159 572 3210 se
596 3138 643 3208 ad
676 3137 841 3209 eandem.
870 3135 944 3207 imo
982 3138 1150 3229 quamvis
1186 3137 1351 3209 Ecclesia
1377 3137 1494 3228 possit
1516 3137 1597 3206 sola
1617 3135 1783 3225 judicare
1820 3135 1866 3206 de

530 3255 756 3328 Concordato
781 3254 988 3347 usquedum
1023 3254 1283 3347 compossibile
1307 3253 1354 3324 sit
1377 3273 1462 3324 cum
1486 3253 1606 3324 salute
1644 3253 1863 3338 animarum,

530 3381 564 3442 et
587 3371 711 3442 Status
734 3377 900 3441 teneatur
923 3379 1020 3440 stare
1044 3371 1178 3458 judicio
1204 3369 1404 3456 Ecclesiae,
1431 3377 1552 3440 tamen
1571 3369 1740 3439 Ecclesia
1754 3369 1863 3438 etiam

529 3507 705 3579 expresse
729 3488 870 3577 statuit,
905 3487 1098 3580 aliquando
1137 3487 1438 3578 supervenientes
1477 3483 1707 3556 difficultates
1747 3483 1865 3555 amica

531 3627 572 3676 se
597 3607 894 3696 composituram.
920 3605 976 3674 Ita
999 3605 1035 3674 in
1059 3603 1222 3674 Articulo
1245 3607 1300 3672 35.
1329 3600 1543 3674 Concor-dati
1568 3601 1764 3672 Austriaci:
1794 3600 1863 3670 “Si
1991 3635 1992 3672 l

532 3749 547 3785 a
572 3743 644 3812 qua
669 3742 754 3791 vero
778 3722 814 3791 in
839 3729 1027 3811 posterum
1063 3719 1314 3811 supervenerit
1338 3717 1544 3804 difficultas,
1572 3716 1754 3788 Sanctitas
1770 3715 1861 3804 Sua,

531 3839 547 3876 ‘⁴
574 3845 608 3907 et
626 3836 803 3934 Majestas
819 3835 1001 3908 Caesarea
1016 3835 1171 3906 invicem
1196 3833 1382 3906 conterent
1405 3832 1452 3904 ad
1475 3853 1553 3903 rem
1577 3833 1702 3924 amice,
1717 3853 1865 3923 compo·

534 3953 733 4024 vnendam
752 3982 782 4024 n.

618 4069 821 4162 Aliquando
845 4069 1037 4161 reprobant
1060 4069 1393 4158 transgressionem
1417 4065 1632 4138 concordati
1658 4075 1697 4137 ut
1720 4072 1865 4138 contra·

534 4187 624 4256 riam
647 4194 765 4277 pacto,
803 4186 875 4255 imo
899 4206 1063 4277 eousque
1104 4184 1316 4275 perveniunt
1341 4191 1379 4253 ut
1401 4182 1607 4254 declarent:
1638 4181 1814 4252 “irritum
1829 4191 1864 4252 et

532 4327 548 4366 a
575 4307 681 4372 inane
704 4299 876 4394 quidquid
900 4322 1012 4392 super
1036 4299 1105 4384 his,
1123 4323 1146 4370 a
1169 4323 1325 4392 quoque,
1351 4299 1481 4392 quavis
1504 4301 1727 4388 auctoritate,
1754 4300 1864 4370 etiam

535 4440 642 4510 oper
664 4439 734 4488 nos
760 4419 935 4504 (Leonmn
970 4417 1037 4501 X.)
1062 4425 1096 4487 et
1122 4435 1364 4488 successores
1402 4423 1562 4504 nostros,
1600 4416 1758 4486 scienter
1798 4423 1861 4487 aut

537 4538 552 4576 “
579 4536 784 4625 ignoranter
807 4535 995 4624 contigerit
1017 4535 1194 4606 attentari.
1212 4586 1228 4622 ,
1256 4531 1538 4629 (Concordatum
1558 4515 1692 4602 Leonis
1708 4533 1760 4602 X.
1779 4552 1865 4602 eum

528 4653 629 4742 Rege
651 4651 791 4722 Galliae
815 4651 1014 4722 Francisco
1038 4651 1067 4718 I.
1093 4653 1200 4720 Anno
1224 4649 1322 4720 1516.
1351 4647 1473 4719 Titulo
1498 4649 1637 4734 XVII).

623 4766 726 4838 Idem
749 4767 933 4838 deleratur
955 4791 977 4838 a
1000 4766 1192 4839 Benedicta
1214 4767 1318 4837 XlV.
1345 4765 1381 4836 in
1399 4763 1624 4838 Concordato
1641 4767 1710 4838 Tit.
1731 4765 1859 4837 XXV.

528 4883 616 4955 inito
641 4905 725 4956 cum
751 4883 976 4956 Ferdinando
1004 4883 1068 4950 VI.
1093 4883 1195 4974 Rege
1219 4882 1433 4973 Hispaniae.
1462 4881 1570 4969 (Vide
1595 4889 1734 4956 textum
1758 4881 1856 4977 apud

526 5001 578 5080 De
600 5001 764 5094 Angelis,
790 5001 1058 5074 Praeleotiones
1080 5000 1179 5072 luris
1203 4998 1375 5071 Canonici
1395 4999 1478 5069 Vol.
1504 4999 1534 5069 1.
1565 4999 1653 5090 Peg.
1680 5001 1775 5087 100).
