4054 6322
233 1039 443 1114 authentice
466 1037 624 1112 declaret
647 1039 973 1126 easdemcassare,
990 1037 1154 1112 Ecclesia
1178 1037 1348 1110 animast
1368 1037 1481 1128 judex
1506 1061 1567 1112 su·

230 1173 380 1248 promus
402 1154 628 1240 moralitatis,
653 1163 688 1226 et
718 1155 836 1244 judex
860 1163 1074 1248 competens
1097 1153 1272 1243 suijuris
1295 1175 1361 1247 pro
1385 1155 1564 1247 regimine

231 1271 415 1346 societatis
437 1269 721 1361 ecclesiasticae,
749 1271 832 1342 binc
857 1277 914 1345 est
929 1279 963 1343 et
982 1270 1096 1362 judex
1121 1278 1331 1364 competens
1353 1269 1562 1344 dissolutio·

230 1387 288 1458 nie
310 1383 633 1474 Concordatorum,
659 1387 812 1480 ideoque
830 1387 861 1460 si
886 1409 930 1460 ea
953 1386 1123 1459 invalidet
1145 1394 1242 1458 certe
1267 1387 1434 1458 amittunt
1452 1409 1563 1462 suum

230 1503 406 1576 valorem.

319 1619 411 1692 Hinc
450 1627 578 1694 contra
613 1643 753 1714 paucos
777 1621 926 1711 rejcitur
960 1619 1119 1693 delinitio
1156 1619 1241 1692 data
1277 1621 1376 1693 aDe
1398 1621 1564 1694 Camillis

227 1737 288 1830 qui
314 1735 540 1810 concordata
563 1735 711 1810 delinit:
741 1739 975 1810 “Solemnos
1008 1737 1200 1832 pactiones
1215 1737 1260 1808 de
1284 1737 1459 1809 limitibus
1498 1759 1561 1810 au·

233 1855 249 1894 ‘²
274 1853 449 1924 claritatis
479 1855 574 1936 inter
594 1855 788 1928 Summum
828 1855 1041 1928 Pontificem
1065 1862 1100 1926 et
1135 1854 1322 1946 Principes
1347 1853 1561 1926 saeculares

232 1971 380 2042 “initae
404 1991 469 2064 pro
491 1970 741 2043 moderamine
776 1979 894 2044 status
933 1970 1177 2064 disciplinaris
1217 1969 1455 2063 peculiarium
1495 1971 1561 2041 Ec·

232 2089 249 2125 ‘²
274 2087 471 2159 clesiarum
494 2087 650 2160 alicuius
673 2089 791 2182 Regni
816 2091 871 2160 vel
898 2087 1064 2160 Nationis
1087 2087 1133 2158 ad
1156 2109 1284 2182 pacem
1319 2086 1560 2179 reparandam

123 2259 127 2270 .
232 2205 248 2242 ‘¹
275 2203 330 2276 rel
355 2203 574 2280 servandam
598 2205 690 2276 inter
712 2204 965 2278 Sacerdotium
989 2213 1023 2276 et
1048 2205 1292 2298 imperium„

316 2323 386 2395 atu
410 2321 556 2396 definitio
578 2323 784 2397 camalduli·
806 2363 845 2376 -
864 2323 931 2394 Alii
956 2321 1134 2394 definiunt
1158 2320 1424 2394 Concordatum
1468 2321 1564 2414 quod

231 2437 298 2510 sit:
327 2441 438 2510 “Lex
461 2439 691 2532 particularis
718 2440 977 2512 Ecclesiastica
1001 2461 1066 2532 pro
1089 2439 1210 2533 aliquo
1234 2439 1376 2532 Regno,
1418 2437 1566 2510 Summi

232 2555 459 2627 “Pontificis
497 2557 709 2628 auctoritate
748 2556 843 2628 edita
866 2556 911 2627 ad
937 2557 1121 2628 istantiam
1155 2555 1333 2647 Principis
1368 2555 1449 2627 eius
1474 2554 1558 2642 loci,

232 2671 423 2763 “speciali
461 2670 631 2762 ejusdem
668 2672 848 2765 Principis
887 2672 1129 2764 obbligationa
1168 2673 1380 2744 confirmata
1415 2693 1457 2743 se
1481 2691 1564 2742 eam

236 2789 252 2827 ‘¹
278 2795 452 2880 perpetuo
475 2796 709 2862 servaturum
729 2836 757 2878 „.

559 2983 753 3038 srtrm'rua
780 2981 985 3040 GONGEPTUM
1009 2981 1241 3039 conconatur.

316 3135 530 3212 Concordati
557 3137 738 3226 objectum
761 3144 817 3208 est
840 3156 987 3230 semper
1009 3137 1292 3210 Ecclesiasticae
1331 3137 1559 3230 disciplinae,

227 3262 262 3325 et
285 3253 451 3326 consistit
473 3253 510 3324 in
533 3252 716 3346 aliquibus
739 3252 1069 3326 modificationibus
1084 3254 1182 3325 circa
1205 3251 1446 3348 disciplinam.

317 3371 494 3442 Summus
520 3368 685 3442 Pontifex
708 3367 782 3461 agit
805 3370 909 3459 juxta
927 3369 1015 3459 jura
1040 3370 1226 3442 Ecclesiae
1262 3371 1505 3462 competentia
1529 3371 1561 3441 si

226 3509 321 3581 quae
344 3494 466 3558 autem
492 3485 597 3556 Natio
620 3485 677 3558 vel
701 3485 876 3580 Princeps
900 3486 1104 3558 inveniatur
1119 3487 1155 3556 in
1172 3487 1306 3560 talibus
1323 3486 1565 3560 circumstan-

227 3606 287 3676 tiis
303 3605 340 3674 in
357 3603 491 3697 quibus
517 3622 588 3674 non
612 3603 731 3696 possit
754 3603 833 3675 sine
857 3602 1072 3676 detrimento
1087 3603 1206 3674 civilis
1223 3603 1408 3680 societatis
1422 3605 1562 3678 obtem-

227 3741 355 3814 perare
377 3717 680 3811 dispositionibus
704 3719 900 3809 PontificiS,
926 3728 1014 3791 tunc
1051 3728 1148 3792 certe
1187 3727 1306 3812 potest
1329 3721 1364 3791 id
1397 3721 1560 3792 Pontifici

226 3844 353 3908 notum
376 3836 495 3906 facere
511 3842 641 3927 petens
658 3835 898 3927 particulares
920 3834 1182 3928 dispositiones
1199 3858 1264 3928 pro
1281 3837 1561 3930 particularibus

226 3945 520 4040 circumstantiis,
545 3949 642 4042 quod
665 3949 828 4022 Pontifex
852 3959 948 4023 certe
971 3951 1135 4024 concedit
1158 3952 1190 4022 si
1215 3953 1352 4025 bonum
1370 3954 1560 4027 Ecclesiae

226 4067 262 4140 id
285 4065 486 4140 concedere
510 4065 703 4159 permittat,
730 4087 842 4139 secus
866 4067 898 4138 si
922 4089 1019 4156 non,
1054 4069 1192 4140 bonum
1230 4069 1327 4141 enim
1359 4073 1559 4163 temporale

226 4183 354 4256 cedere
376 4181 481 4254 debet
506 4183 601 4254 bono
625 4183 801 4276 spirituali
827 4184 861 4256 in
878 4206 969 4256 casu
985 4183 1189 4256 conflictus.
1207 4185 1347 4258 Tamen
1371 4189 1455 4258 currl
1488 4187 1557 4260 hae

225 4299 462 4393 particulares
487 4299 749 4372 concessiones
774 4301 847 4371 sint
869 4301 1158 4374 modificationes
1192 4301 1316 4392 legum
1350 4301 1560 4396 disciplina·

225 4415 334 4504 rium,
359 4423 446 4488 sunt
468 4416 729 4488 concessiones
743 4438 837 4509 quae
854 4417 1021 4490 Pontifex
1045 4423 1164 4509 potest
1185 4417 1306 4490 lacere
1321 4426 1462 4494 tantum
1487 4421 1557 4492 sub

224 4532 404 4625 aliquibus
428 4531 709 4621 conditionibus,
736 4532 874 4605 scilicet
896 4541 1038 4604 tantum
1062 4535 1244 4606 stantibus
1269 4535 1341 4607 illis
1364 4537 1556 4629 particula·

226 4648 328 4720 ribus
352 4647 691 4736 circumstantiisin
715 4650 848 4744 quibus
873 4647 929 4720 hic
954 4657 989 4721 et
1012 4671 1111 4722 nunc
1149 4651 1256 4722 Natio
1291 4652 1348 4724 vel
1380 4655 1558 4744 Princeps

227 4763 418 4854 invenitur,
444 4773 478 4836 et
501 4771 640 4837 tantum
665 4765 698 4837 id
723 4765 948 4857 permittente
974 4768 1069 4840 bono
1092 4767 1295 4858 Ecclesiae,
1321 4768 1403 4842 binc
1436 4770 1555 4863 sequi·

223 4888 282 4963 tur
304 4902 378 4954 uon
401 4880 522 4964 solum
544 4881 637 4960 istas
658 4882 923 4966 concessiones
945 4904 1059 4988 posse
1082 4905 1268 4984 revocare,
1287 4884 1353 4962 scd
1377 4884 1548 4968 etiamad
