4054 6322
216 1062 289 1152 dis,
315 1084 387 1156 quo
410 1061 449 1130 fit
472 1067 510 1133 ut
533 1059 698 1134 Pontifex
724 1079 794 1130 non
820 1059 868 1130 sit
890 1058 995 1152 plene
1019 1056 1121 1146 liber,
1141 1077 1265 1152 neque
1288 1055 1334 1128 ed
1372 1077 1543 1130 exercen-

209 1179 294 1252 dam
320 1200 427 1255 suam
452 1178 661 1265 libertatem,
687 1174 876 1266 nequead
907 1196 989 1245 eum
1023 1173 1325 1266 recuperandam,
1361 1175 1544 1246 iuvenitur

211 1299 310 1368 enim
335 1289 558 1388 dependens,
584 1301 618 1364 ct
642 1291 750 1364 veluti
774 1291 953 1364 detinetur
976 1291 1012 1360 in
1037 1312 1108 1362 suo
1133 1291 1248 1378 Statu,
1273 1309 1382 1384 quern
1410 1289 1442 1361 sl
1467 1291 1543 1362 vel·

210 1415 258 1485 let
281 1409 475 1498 vindicare,
501 1409 656 1484 actualis
679 1409 878 1480 auctoritas
904 1415 1029 1498 posset
1055 1408 1126 1478 vim
1149 1407 1281 1480 inferre
1313 1407 1381 1499 ipsi
1422 1406 1543 1478 Ponti·

208 1531 278 1600 lici.
306 1529 444 1600 Tamen
470 1528 501 1597 si
524 1526 638 1600 fortes
661 1531 788 1598 essent
811 1533 845 1595 ct
868 1523 995 1596 fideles
1019 1521 1222 1596 Catholicae
1248 1523 1435 1613 Nationes,
1477 1524 1544 1595 uti-

206 1669 278 1742 que
302 1653 428 1737 posset
451 1625 614 1715 Pontifex
639 1663 746 1714 suam
769 1641 971 1714 libertatem
998 1639 1179 1712 vindicare
1216 1640 1541 1713 intervenientibus

208 1761 404 1836 Catholicis
427 1758 645 1832 Nationibus
669 1757 879 1852 simpliciter
895 1779 961 1848 per
977 1758 1187 1828 Tractatum
1203 1779 1288 1828 cum
1307 1758 1461 1828 Natione
1480 1757 1544 1826 lta-

208 1880 277 1952 lica
294 1880 327 1950 in
344 1879 506 1950 favorem
524 1875 721 1964 Pontificis,
739 1873 872 1968 quibus
885 1883 982 1946 certe
1006 1875 1208 1945 auctoritas
1222 1873 1344 1945 Italiae
1363 1895 1435 1944 uon
1458 1895 1543 1948 sese

209 2003 418 2088 opponeret,
444 1992 657 2086 praesertim
680 2012 764 2063 curn
781 1991 890 2062 etiam
915 1989 1002 2077 itali,
1028 1989 1157 2062 fideles
1182 1989 1255 2062 sint
1282 1991 1460 2062 catholici.
1501 1992 1544 2060 Et

211 2114 244 2184 si
270 2112 471 2204 periculum
495 2117 597 2182 esset
621 2107 871 2202 oppositionis,
899 2109 1077 2178 Summus
1102 2107 1266 2188 Pontifex
1291 2115 1418 2200 posset
1441 2129 1544 2200 prae-

212 2230 352 2301 ventive
375 2229 411 2298 in
436 2228 546 2298 aliam
570 2225 763 2296 Nationeul
787 2243 872 2295 sese
897 2223 1061 2294 conferre
1095 2245 1158 2316 per
1196 2223 1343 2317 aliquod
1384 2233 1540 2318 lempna.

299 2349 436 2416 Tamen
462 2365 550 2436 spes
574 2341 781 2430 Ecclesiae,
800 2348 943 2433 praeter·
968 2341 1030 2410 Dei
1055 2341 1245 2430 auxilium,
1260 2341 1425 2434 estquod
1442 2340 1545 2414 Schi-

210 2464 384 2536 smaticae
407 2469 441 2532 ct
464 2462 712 2531 Protestantes
736 2457 913 2532 Nationes
938 2456 1011 2527 sint
1034 2456 1127 2528 tales
1143 2465 1282 2528 tantum
1299 2457 1541 2545 nominaliter,

210 2590 245 2652 et
268 2578 418 2672 proinde
443 2601 515 2648 non
540 2577 615 2648 sint
639 2574 826 2647 Ecclesiae
851 2571 1028 2659 infensae,
1055 2572 1122 2647 sed
1147 2573 1268 2665 potius
1292 2573 1447 2646 evadant
1485 2596 1544 2648 ca·

210 2697 364 2769 thelicae
389 2695 434 2766 de
457 2693 515 2765 die
540 2693 574 2761 in
600 2690 708 2778 diem,
735 2691 783 2762 uti
809 2690 929 2790 evenit
953 2689 1165 2781 praesertim
1191 2691 1224 2758 in
1250 2690 1351 2761 Nord
1374 2693 1545 2764 Amerina

210 2814 271 2885 ubi
297 2811 417 2905 populi
443 2807 549 2900 Angli
575 2817 609 2880 et
646 2806 850 2878 Gennanici
877 2805 999 2896 rapide
1039 2807 1129 2877 liunt
1168 2805 1346 2896 catholici,
1387 2827 1432 2880 ex
1472 2829 1544 2900 quo

210 2929 317 3002 ctiam
342 2931 437 3015 patet
461 2925 602 3014 Anglos
626 2932 660 2994 et
682 2923 923 2994 Germanicos
947 2943 1032 2992 esse
1058 2923 1309 2994 Protestantea
1326 2929 1465 2995 tantum
1482 2946 1545 2995 no-

210 3043 400 3133 minaliter,
427 3049 461 3112 et
486 3063 557 3112 non
582 3039 658 3114 lieri
682 3036 882 3110 catholicos
906 3039 942 3108 in
967 3037 1099 3128 Anglia
1139 3039 1231 3108 etin
1271 3038 1467 3110 Germania
1509 3048 1545 3110 ut

211 3159 248 3231 in
273 3159 436 3231 Statibus
461 3157 580 3228 Unitis
604 3156 640 3230 in
663 3154 765 3228 Nord
789 3154 970 3241 Americe,
996 3153 1081 3246 quie
1106 3153 1238 3246 Augila
1277 3162 1313 3226 et
1350 3155 1546 3230 Germania

214 3283 301 3348 sunt
324 3277 450 3346 Statue
473 3271 593 3344 adhuc
617 3273 879 3343 Protestantea

596 3511 1038 3631 DISSERTATIO
1075 3517 1162 3620 IV.

462 3751 517 3820 DE
554 3749 685 3818 REGIO
722 3746 886 3818 PLACET
922 3748 1001 3818 SEU
1037 3748 1308 3832 EXEQUATUR

318 3895 404 3966 NEC
440 3895 536 3964 NON
573 3893 629 3961 DE
648 3889 771 3959 ,ntus
808 3889 1012 3960 ABUSIBUS
1048 3891 1217 3961 STATUS
1254 3893 1438 3966 CONTRA

565 4033 918 4105 AUCI'ORITATEM
953 4033 1187 4105 ECCLESIAE.

457 4301 534 4372 Art.
562 4301 587 4372 Ι.
608 4341 647 4352 -
666 4302 759 4375 ttcllo
782 4303 866 4392 nonu
891 4303 1005 4375 Placlti
1029 4319 1087 4374 neu
1111 4301 1304 4391 Exequatur.

293 4441 502 4534 Regalistae
520 4463 604 4514 cum
616 4443 748 4516 celebri
761 4444 971 4516 iansenista
984 4442 1170 4516 Bernardo
1184 4443 1310 4534 Sigero
1321 4441 1545 4534 Van-Espen

210 4559 269 4650 qui
295 4558 335 4629 in
358 4559 585 4630 coutumacia
609 4567 778 4632 mortuus
814 4568 870 4631 est
901 4561 1052 4631 saeculo
1085 4559 1211 4650 elapso
1236 4558 1394 4646 inenute,
1419 4556 1546 4629 defini·
1608 4599 1610 4606 ,

212 4681 277 4746 unt
300 4675 454 4767 Regium
480 4675 601 4747 Placet
625 4697 693 4748 seu
717 4677 944 4768 Exequatur,
969 4677 1067 4770 quod
1090 4682 1128 4750 et
1151 4695 1336 4747 aseensus
1353 4675 1479 4765 regius
1495 4672 1546 4745 di·

212 4791 323 4862 citur:
353 4791 611 4863 “Facultatem
635 4813 745 4885 quam
767 4791 884 4864 civilis
907 4793 1107 4865 auctoritas
1131 4791 1332 4884 impertitur
1355 4789 1484 4881 uultis,
1502 4813 1546 4861 ac

211 4907 390 4980 Brevibue
414 4906 626 4998 Pontificiis,
651 4909 878 5002 caeterisque
903 4909 1073 4982 omnibus
1109 4908 1392 4982 Ecclesiasticae
1422 4913 1546 4982 aucto·
