4054 6322
643 799 690 875 ’66

546 975 744 1048 staurando
767 973 978 1048 occidentali
1003 974 1167 1069 imperio.
1196 976 1333 1050 Verum
1357 971 1553 1069 prudenter
1577 954 1705 1048 iesum
1728 969 1768 1047 S.
1786 969 1883 1048 Gre-

546 1093 673 1184 gorius
697 1092 753 1181 ll.,
780 1099 818 1163 ut
842 1093 993 1164 Graecis
1016 1091 1063 1163 ad
1098 1092 1180 1166 fidei
1217 1094 1389 1165 unitatem
1431 1090 1648 1166 revocandis
1682 1090 1882 1164 consulere

546 1216 685 1300 posset,
713 1211 789 1280 sive
815 1209 899 1302 quia
923 1207 991 1279 hoc
1015 1209 1210 1302 Imperium
1234 1230 1307 1280 non
1332 1210 1512 1302 potuisset
1536 1210 1709 1280 resistere
1734 1210 1882 1298 Longo·

548 1324 671 1396 bardis
717 1326 915 1396 aGraeois
951 1332 1161 1416 separatum
1197 1327 1269 1396 imo
1293 1325 1339 1395 ab
1375 1325 1430 1396 eis
1466 1326 1680 1418 impetitum.
1721 1325 1882 1394 'fantum

548 1441 696 1532 proinde
722 1440 883 1532 permisit
906 1441 1031 1531 negari
1056 1441 1207 1512 Graecis
1230 1442 1362 1512 tributa
1386 1463 1454 1514 seu
1495 1439 1670 1532 suspendi
1712 1437 1883 1508 obedien-

491 1535 496 1545 *
547 1558 633 1626 tiam
659 1555 775 1627 donec
810 1555 998 1626 Ecclesiae
1032 1557 1365 1630 reconciliarentur.
1403 1557 1495 1627 Hinc
1530 1556 1785 1630 confirmatum
1814 1552 1883 1623 fuit

549 1673 750 1744 dominium
774 1673 971 1764 temporale
995 1672 1191 1762 Pontifiois,
1220 1675 1268 1745 ita
1291 1681 1330 1744 ut
1355 1674 1477 1766 populi
1501 1663 1776 1765 magistratibus
1794 1669 1882 1740 infe·

548 1789 707 1861 rioribus
730 1809 824 1881 quos
848 1787 1027 1880 eligebant
1052 1811 1147 1861 onus
1171 1789 1320 1882 parendi
1345 1789 1508 1862 Pontifici
1533 1791 1773 1882 imponerent.

635 1906 763 1977 Graeci
789 1903 1029 1996 Imperatores
1044 1905 1223 1977 habebant
1240 1905 1349 1977 ltalos
1366 1916 1405 1978 ut
1423 1907 1615 1993 barbaros
1633 1926 1750 1997 neque
1767 1903 1883 1974 ullam

532 2041 674 2092 curam
698 2019 877 2092 habebant
901 2040 966 2092 eos
989 2021 1138 2113 regendi
1163 2033 1198 2094 et
1220 2022 1472 2114 gubernandi3
1500 2045 1567 2094 eos
1596 2019 1879 2114 depraedabant,

548 2147 582 2208 et
603 2137 650 2207 ab
675 2135 842 2209 hostibus
866 2159 938 2208 non
963 2137 1212 2210 defendebant.
1242 2137 1346 2211 Unde
1370 2141 1446 2210 Itali
1472 2139 1883 2240 intollerantemeorum

543 2255 648 2344 jugo,
676 2254 842 2326 volebant
866 2274 907 2325 se
932 2253 1147 2326 subtrahere
1169 2278 1191 2326 a
1210 2257 1303 2346 jugo
1326 2256 1576 2348 Imperatoris.
1603 2254 1805 2329 Occasione
1817 2273 1883 2321 au·

546 2383 620 2440 tem
645 2369 725 2440 belli
748 2389 832 2463 quo
847 2371 921 2442 Leo
947 2369 1132 2442 Isauricus
1157 2371 1354 2464 Imperator
1378 2382 1525 2465 propter
1542 2371 1882 2444 haeresimexcom·

548 2485 758 2558 manicatus
781 2486 941 2558 irruebat
956 2496 1082 2558 contra
1098 2486 1305 2560 catholicos
1321 2489 1401 2560 lorti
1418 2489 1593 2577 exercitu,
1613 2487 1693 2558 Itali
1712 2488 1748 2556 in
1768 2505 1882 2556 unum

549 2600 686 2672 collecti
711 2619 797 2673 sese
821 2599 1071 2692 defenderunt,
1098 2613 1132 2674 et
1157 2605 1284 2693 ejectis
1308 2606 1423 2697 copiis
1449 2597 1694 2697 Imperatoris,
1720 2603 1798 2674 lteli
1821 2599 1882 2670 de·

550 2719 792 2789 liberaverunt
815 2715 858 2788 de
871 2718 1037 2809 eligendo
1053 2720 1121 2792 sibi
1139 2743 1275 2792 norum
1291 2723 1562 2814 Imperatorem.
1580 2721 1718 2792 Verum
1736 2719 1775 2788 S.
1794 2718 1881 2789 Gre-

548 2835 676 2925 gorius
700 2833 740 2904 ll.
769 2834 839 2904 hoc
863 2857 935 2905 non
960 2835 1123 2928 prudens
1147 2838 1364 2928 aestimavit,
1390 2859 1475 2910 cum
1500 2835 1647 2908 aliunde
1670 2836 1789 2928 gratia
1820 2855 1881 2927 po·

548 2950 682 3022 tuisset
705 2971 877 3022 revocare
901 2952 1163 3044 Imperatorem
1187 2951 1234 3023 ad
1258 2953 1378 3024 fidem.
1406 2956 1461 3024 Ita
1486 2953 1587 3025 ltalia
1609 2975 1683 3025 non
1708 2973 1882 3042 recogno-

551 3068 599 3139 vit
622 3069 892 3159 Imperatorem,
918 3076 952 3140 et
975 3069 1140 3155 Pontifex
1163 3071 1474 3164 remansitoaput
1498 3071 1656 3162 potentis
1672 3068 1883 3140 foederatio·

549 3186 607 3256 nis
631 3185 814 3272 italorum,
840 3195 874 3255 et
898 3179 1023 3278 populi
1059 3187 1353 3290 Magistratibus'
1374 3187 1606 3259 inferioribus
1645 3209 1740 3280 quos
1775 3185 1884 3276 elige-

552 3301 651 3388 bant,
677 3321 774 3372 onus
810 3301 959 3394 parendi
995 3301 1160 3374 Pontifici
1196 3305 1441 3396 imponebant.
1469 3303 1520 3375 lta
1544 3305 1783 3376 constitutum
1817 3303 1881 3373 fuit

549 3416 749 3488 dominium
772 3419 967 3510 temporale
992 3419 1207 3490 Pontificum
1232 3421 1267 3490 in
1294 3419 1404 3510 Urbe,
1430 3421 1466 3490 in
1493 3423 1659 3493 Romano
1674 3421 1829 3508 Ducatu,
1849 3427 1883 3490 et

552 3533 720 3626 pluribus
743 3534 881 3606 circum
905 3535 1002 3606 circe
1025 3535 1242 3608 civitatibus,

638 3650 790 3742 Pipinus
814 3659 936 3722 autem
960 3661 994 3724 et
1010 3651 1165 3725 Carolus
1190 3655 1349 3746 Magnus
1372 3656 1528 3726 invocati
1553 3656 1699 3728 fuerunt
1721 3681 1744 3727 a
1768 3660 1884 3730 Ponti-

551 3767 617 3838 fice
640 3775 767 3836 contra
791 3767 1054 3859 Longobardos
1077 3771 1137 3864 qui
1162 3770 1375 3844 invaserant
1398 3780 1434 3843 et
1447 3781 1715 3865 occupaverant
1738 3775 1880 3868 aliquas

552 3881 745 3954 Ecclesiae
768 3891 898 3974 terras,
925 3885 1145 3960 Exercelum
1169 3888 1321 3980 insuper
1344 3897 1380 3960 et
1403 3889 1642 3982 Pentapolim.
1673 3891 1824 3983 Pipinus
1849 3901 1883 3961 et

551 3997 704 4069 Carolus
730 4001 886 4090 Magnus
911 4003 1136 4075 Francorum
1159 3989 1282 4096 Reges
1305 4027 1390 4076 cum
1416 4006 1680 4097 Longobardos
1704 4005 1883 4078 debellas·

551 4121 645 4204 sent,
671 4117 905 4188 restituerunt
929 4118 1118 4190 Romanae
1142 4121 1331 4192 Ecclesiae
1355 4129 1473 4193 terras
1496 4143 1590 4215 quas
1609 4124 1688 4212 jam
1720 4123 1884 4216 posside·

550 4239 617 4321 rat,
643 4240 677 4301 et
700 4233 789 4304 alias
814 4234 964 4326 insuper
987 4236 1213 4324 addiderunt,
1251 4241 1470 4310 Exarcatum
1507 4241 1656 4331 seilicet,
1683 4251 1717 4312 et
1757 4243 1882 4312 Penta-

550 4349 671 4440 polim,
697 4372 790 4444 quas
814 4374 836 4420 a
855 4353 947 4442 jugo
966 4355 1293 4444 Longobardorum
1309 4357 1561 4445 liberaverant,
1583 4359 1719 4448 injuste
1734 4360 1883 4431 Graecis

551 4466 832 4539 reclamantibus
856 4477 890 4540 et
915 4468 983 4538 sibi
1008 4471 1146 4542 restitui
1174 4471 1389 4564 volentibus,
1416 4475 1451 4543 hi
1476 4475 1573 4546 enim
1593 4477 1660 4563 jars
1675 4477 1789 4546 ineas
1804 4497 1884 4569 pro·

552 4582 690 4656 vincias
714 4586 923 4658 amiserant.
1282 4601 1283 4608 ’

641 4699 686 4772 Et
709 4703 756 4773 ita
779 4702 1012 4777 constitutum
1036 4717 1092 4779 est
1115 4705 1316 4781 dominium
1340 4711 1537 4802 temporale
1561 4709 1704 4784 Summi
1743 4711 1884 4782 Pontifi·

553 4816 607 4887 cis
632 4819 741 4890 etiam
764 4820 799 4891 in
824 4821 1060 4916 Pentapolim,
1086 4833 1121 4895 et
1144 4824 1378 4918 Exercatum,
1407 4848 1478 4898 non
1503 4827 1625 4901 solum
1647 4829 1750 4900 titulo
1772 4825 1883 4901 dona·
