4054 6322
289 1116 402 1200 Quod
415 1118 546 1190 iterum
560 1119 690 1212 probet
706 1115 984 1190 concessionem
1003 1137 1066 1210 per
1082 1117 1227 1188 Bullem
1246 1113 1381 1188 Urbani
1400 1116 1438 1188 ll.
1460 1131 1532 1187 ncn

202 1233 378 1307 extitisse.

284 1335 434 1424 'Mortuo
457 1333 650 1422 Guillelmo
675 1351 713 1421 ll.
737 1351 876 1443 absque
901 1351 1024 1423 liberis
1047 1353 1079 1422 ei
1104 1351 1285 1422 suecessit
1317 1349 1534 1422 Tanoredus

201 1465 299 1538 iilius
322 1465 502 1539 naturalis
525 1467 673 1558 Rogerii
697 1468 924 1559 primogeniti
949 1467 1098 1557 Rogerii
1122 1467 1169 1536 Il.

290 1579 503 1655 Tancredus
528 1584 674 1675 scripsit
696 1581 902 1654 Caelestino
928 1583 982 1654 lli.
1009 1581 1054 1655 (le
1084 1583 1386 1675 appellationibus
1421 1583 1532 1655 libere

200 1699 385 1788 iaciendis,
412 1699 457 1772 de
481 1685 630 1792 Legatis
656 1699 765 1771 libere
788 1698 985 1790 mittendis,
1011 1700 1056 1772 de
1080 1700 1322 1774 electionibus
1345 1699 1459 1772 libere
1483 1699 1533 1770 ie·

201 1814 341 1888 ciendis
363 1823 445 1903 ete,
472 1814 706 1888 coneedendo
730 1817 778 1886 ita
802 1815 1016 1889 libertatem.

289 1933 427 2004 Pariter
450 1931 583 2004 modus
603 1911 679 2025 ‘quo
704 1953 746 2004 se
771 1933 843 2024 egit
867 1933 1081 2005 Tancredus
1115 1934 1244 2026 probat
1268 1934 1323 2005 vel
1347 1955 1421 2002 non
1447 1933 1533 2004 exti-

202 2049 293 2120 tisse
319 2049 463 2120 Bullam
487 2049 623 2120 Urbani
649 2049 725 2139 II.‚‘
740 2071 871 2140 nempe
895 2051 1157 2122 concessiones
1182 2071 1247 2142 pro
1271 2047 1430 2142 Bogeric
1442 2049 1473 2119 1.
1499 2057 1534 2118 et

200 2166 285 2236 liliis
308 2166 400 2255 eius,
427 2161 483 2235 vel
508 2167 772 2237 concessiones
797 2187 867 2236 non
894 2187 1006 2258 posse
1031 2167 1204 2238 sustineri
1230 2167 1276 2236 ob
1291 2163 1533 2237 deficientiam

204 2280 435 2370 conditionis,
467 2283 552 2376 quia
587 2303 716 2374 nempe
751 2282 969 2354 Tancredus
1004 2284 1142 2356 ratione
1172 2283 1530 2354 circumstantiarum

200 2418 273 2478 non
297 2406 435 2490 poteret
459 2417 544 2470 esse
567 2405 741 2470 executor
774 2399 839 2468 zeli
876 2400 1013 2490 paterni
1038 2397 1297 2485 Ecclesiasticl,
1331 2398 1532 2491 quoderat

199 2511 355 2586 conditio
378 2513 661 2586 concessionum
685 2513 720 2584 ln
746 2515 851 2584 Bulla
877 2515 1011 2586 Urbani
1038 2515 1086 2586 ΙΙ.

288 2627 479 2704 Tancredo
514 2629 695 2702 successit
719 2629 902 2701 Henricus
928 2631 991 2700 VI.
1017 2653 1062 2702 ex
1086 2630 1196 2702 domo
1217 2631 1336 2704 Sveva
1361 2632 1414 2702 vir
1437 2631 1532 2704 Con·

199 2743 353 2820 stantiae
378 2747 518 2818 sororis
542 2745 721 2819 Guillelmi
740 2748 770 2816 Ι.
790 2747 973 2820 Henricus
994 2748 1057 2815 VI.
1074 2749 1119 2818 on
1136 2769 1207 2818 sua
1222 2745 1373 2818 crimine
1385 2768 1529 2820 excom·

198 2865 404 2935 municetus
429 2869 496 2949 est,
515 2861 582 2935 sed
599 2867 789 2955 poenitens
813 2871 981 2934 mortuus
1006 2873 1073 2953 est,
1092 2871 1126 2935 et
1143 2865 1178 2934 in
1203 2885 1272 2936 suo
1296 2863 1531 2936 Testamento

198 2979 374 3071 disponit:
404 2975 476 3049 “Si
503 2978 706 3052 filiuseius
731 2979 939 3052 Fildericus
965 2981 1015 3048 II.
1031 2981 1169 3072 absque
1194 2981 1317 3054 liberis
1341 2981 1528 3070 moriatur,

201 3097 389 3186 “regnum
415 3095 545 3167 habeat
581 3104 707 3187 mater,
746 3105 781 3168 et
816 3105 898 3188 post
934 3097 1053 3190 ipsam
1089 3097 1212 3168 redeat
1235 3096 1284 3169 ad
1306 3095 1344 3167 S.
1371 3095 1526 3184 Sedem;

200 3215 318 3284 “item
342 3215 374 3284 si
399 3223 514 3286 meter
537 3215 801 3307 praemoriatur
824 3213 910 3302 lilio,
937 3223 972 3285 et
995 3214 1094 3285 filius
1109 3236 1180 3286 non
1198 3214 1331 3285 habeat
1347 3213 1482 3285 liberos
1498 3243 1529 3284 a.

285 3331 496 3402 Constantia
518 3331 705 3404 concessit
727 3330 941 3402 Innocentio
966 3329 1029 3400 lV.
1056 3329 1204 3402 tutelam
1227 3331 1301 3417 filii,
1328 3339 1362 3402 et
1378 3328 1528 3400 admini-

196 3446 407 3518 strationem
430 3445 560 3537 Itegni,
589 3455 715 3538 patens
740 3467 806 3539 pro
830 3467 871 3518 se
896 3455 930 3516 et
953 3445 1027 3516 lilio
1051 3447 1132 3518 eius
1157 3447 1422 3518 investituram.

233 3569 235 3574 ’
283 3563 522 3635 Innocentius
546 3563 613 3634 IV.
640 3563 834 3654 denegavit
858 3565 927 3635 nisi
954 3564 1174 3636 renuntiaret
1197 3569 1354 3656 quatuor
1384 3563 1527 3654 Capita·

196 3679 252 3750 lls.
280 3676 493 3752 Constantia
516 3680 746 3752 renuntiavit.
1536 3775 1537 3780 ἵ

283 3795 491 3870 Fridericus
516 3797 566 3864 11.
592 3799 674 3867 eius
697 3797 797 3868 filius
821 3799 856 3867 in
894 3799 999 3868 Bulla
1034 3817 1146 3867 aurea
1180 3787 1322 3887 pariter·
1346 3796 1528 3867 renuntiat

196 3912 415 4008 quibuslibet
439 3913 770 4005 praetensionibuS‚
797 3921 832 3984 et
855 3914 980 4004 recipit
1004 3913 1162 4005 Legatos
1187 3909 1322 4004 Papae.¹

232 4123 236 4126 ‚
283 4029 326 4099 In
352 4051 421 4101 suo
445 4027 681 4105 Testamento
713 4050 847 4102 rursus
879 4029 1068 4102 confirmat
1105 4030 1303 4100 libertatem
1337 4027 1527 4100 Ecclesiae

197 4145 398 4216 Romanae.
1514 4139 1516 4147 ’

238 4297 241 4303 ·
285 4261 401 4334 Etiam
426 4263 496 4334 sub
520 4264 695 4355 pessimis
720 4265 802 4335 eius
827 4263 912 4334 filiis
936 4263 1118 4353 Conrado,
1138 4271 1172 4334 et
1190 4261 1379 4334 Maniredo
1397 4260 1526 4332 Nuncii
1597 4325 1616 4357 j

196 4377 307 4449 libere
331 4380 365 4448 in
390 4379 511 4450 Sicilia
534 4381 842 4452 ministraverunt.

283 4494 493 4587 Sequuntur
515 4497 640 4587 Reges
663 4517 682 4566 e
707 4497 815 4567 domo
841 4498 1068 4568 Francorum
1103 4497 1163 4589 qui
1190 4499 1363 4587 jurarunt
1387 4500 1527 4566 contra·

195 4613 287 4683 rium
312 4633 354 4682 ac
378 4611 484 4684 luerit
507 4615 542 4683 in
565 4623 721 4706 quatuor
744 4612 936 4706 Capitulis.

283 4728 494 4822 Sequuntur
515 4727 640 4821 Reges
671 4729 822 4801 edoma
857 4732 1053 4819 Aragonia.
1081 4729 1287 4802 Fridericus
1315 4729 1366 4798 11.
1387 4729 1525 4816 juravit

193 4845 288 4916 sicut
313 4845 423 4916 voluit
445 4845 544 4939 Papa
568 4845 780 4918 Bonifacius
806 4845 900 4915 Vlll.
