4054 6322
1665 30 1995 240 Ὺ

589 841 636 912 bl

492 1051 632 1112 tautum
668 1041 841 1112 Catholici
876 1041 943 1110 sed
976 1043 1085 1110 etiam
1119 1042 1382 1110 Protestantes.
1421 1037 1525 1118 Quod
1548 1039 1581 1108 si
1604 1040 1706 1108 cives
1738 1039 1824 1108 liant

489 1179 620 1228 omnes
642 1157 829 1242 Catholici,
854 1157 983 1226 Status
1007 1177 1080 1242 non
1103 1157 1172 1227 erit
1194 1165 1387 1247 sepo-arus
1402 1155 1448 1224 ab
1465 1155 1644 1236 Ecclesia,
1662 1154 1730 1224 sed
1747 1157 1818 1224 Re-

489 1275 574 1364 ligio
598 1271 782 1343 Catbolica
804 1273 870 1341 orit
893 1272 1033 1362 Religio
1057 1272 1195 1356 Status,
1220 1273 1305 1363 quia
1329 1273 1431 1360 leges
1455 1269 1650 1362 pendente
1665 1273 1822 1358 civibus,

490 1401 524 1456 et
546 1391 648 1460 cives
670 1389 843 1460 carnotici
878 1388 1162 1458 subordinantur
1201 1387 1399 1458 Ecclesiae.
1426 1387 1469 1454 Et
1493 1387 1561 1458 hoc
1585 1387 1715 1457 accidit
1736 1387 1820 1478 quia

488 1505 659 1576 Catholici
684 1507 853 1578 conversi
877 1515 965 1575 sunt
987 1503 1111 1575 fervidi
1143 1505 1330 1592 Catholici,
1361 1513 1398 1573 et
1431 1503 1592 1574 condunt
1626 1505 1728 1594 leges
1759 1526 1818 1574 ca·

486 1623 652 1708 tirolicas,
688 1623 916 1712 Religionem
952 1644 1024 1691 non
1058 1620 1298 1691 adversantes
1322 1625 1388 1692 sed
1411 1629 1654 1712 protegentes.
1682 1621 1818 1690 Econ-

485 1747 541 1808 tra
564 1739 598 1808 in
624 1739 841 1809 Nationibus
857 1737 1053 1808 Catholicis
1076 1737 1270 1830 aliquando
1299 1745 1619 1828 repraesentantes
1642 1737 1814 1807 Gubernii
1891 1815 1905 1830 ἱ

484 1856 796 1944 Repraesentativi
821 1878 894 1925 non
919 1865 1006 1926 sunt
1029 1855 1210 1926 terrentes
1240 1854 1308 1926 sed
1333 1855 1453 1945 potius
1488 1853 1746 1936 indifferentes,
1785 1863 1820 1923 et

485 1973 533 2042 ita
554 1971 737 2041 ducuntur
759 1973 805 2044 ab
828 1971 900 2042 illis
922 1973 1281 2064 repraesentantibus
1311 1973 1373 2058 qui
1401 1981 1487 2042 sunt
1518 1971 1697 2060 Religioni
1736 1993 1821 2040 con·

484 2089 581 2160 trarii
617 2087 664 2156 ad
686 2087 858 2158 tuendam
892 2089 1016 2177 legum
1052 2089 1260 2172 licentiam,
1289 2109 1384 2179 quac
1415 2088 1557 2157 licentia
1580 2085 1815 2156 redundatio

484 2206 762 2296 oppressionem
786 2205 922 2296 populi,
950 2205 1010 2273 ubi
1034 2205 1131 2274 enim
1153 2191 1272 2274 deficit
1298 2207 1352 2274 vis
1377 2205 1469 2294 legis
1498 2201 1700 2294 impediens
1727 2203 1813 2272 abu·

484 2343 579 2406 sus,
606 2322 651 2389 ibi
677 2321 797 2411 incipit
821 2322 1013 2412 oppressio
1037 2321 1135 2391 illius
1169 2321 1229 2411 qui
1265 2329 1321 2390 est
1345 2321 1378 2388 vi
1411 2321 1583 2408 interior,
1616 2319 1713 2410 quod
1745 2341 1815 2388 non

482 2447 540 2508 est
573 2437 777 2508 secundum
805 2439 930 2526 justas
964 2438 1168 2526 exigentias
1193 2439 1339 2528 populi,
1373 2447 1409 2506 et
1431 2437 1558 2506 accidit
1582 2459 1624 2506 ex
1660 2439 1819 2506 carentia

481 2555 669 2642 libertatis
695 2555 816 2646 populi
841 2557 938 2624 enim
966 2563 1053 2624 sunt
1089 2553 1274 2642 Catholici,
1308 2563 1342 2626 et
1377 2556 1548 2625 invocant
1581 2553 1680 2640 leges
1711 2555 1818 2640 juxta

481 2672 647 2760 spiritum
672 2671 870 2759 Ecclesiae,
896 2679 1101 2762 quaesunt
1134 2671 1239 2758 juna
1270 2673 1439 2762 spiritum
1468 2671 1643 2758 justitiae.
1680 2669 1816 2740 Stetisti

483 2787 684 2858 “viderunt
697 2787 876 2858 festucam
893 2795 928 2856 et
945 2809 1015 2858 non
1042 2790 1182 2858 trabem
1200 2817 1231 2874 a,
1258 2790 1458 2876 rejecerunt
1481 2790 1731 2857 auctoritatem
1752 2787 1817 2855 Ec-

478 2903 626 2990 clesiae,
648 2905 733 2996 quia
758 2903 944 2973 Ecclesiae
960 2905 1114 2974 Ministri
1132 2906 1178 2974 ob
1194 2905 1394 2975 humanam
1409 2905 1638 2994 fragilitatem
1653 2903 1815 2972 delectus

480 3019 695 3108 babuerunt,
720 3029 841 3090 tamen
866 3019 1028 3090 condunt
1050 3021 1153 3110 leges
1179 3022 1371 3110 jniustas‚
1397 3031 1433 3092 et
1458 3022 1489 3088 vi
1514 3042 1579 3090 eas
1603 3017 1810 3103 detendunt,

480 3136 665 3207 Ecclesiae
688 3145 808 3206 autern
833 3139 946 3226 lagae,
973 3160 1018 3208 ue
1041 3137 1225 3228 corrigant
1241 3160 1368 3208 eorum
1385 3157 1569 3208 excessus
1594 3158 1666 3206 non
1690 3136 1817 3205 admit·

478 3263 568 3322 tunt.

1024 3416 1265 3473 -νιμ-

863 3579 1307 3686 DISSERTATIO
1344 3579 1432 3684 Vl
1516 3635 1523 3645 ·

769 3829 1006 3900 DOMINlUM
1041 3831 1301 3900 TEMPORALE
1337 3831 1370 3900 S.
1407 3829 1523 3899 SEDIS

1012 4023 1274 4032 ——-—-—-

606 4123 682 4189 Art.
709 4121 731 4190 l.
756 4121 904 4208 -drtuo
927 4121 1055 4193 beroldi
1077 4123 1266 4209 umente
1289 4121 1323 4192 8.
1347 4121 1676 4192 Sada-Probatur

830 4255 875 4306 ex
898 4237 1041 4308 tttstnrta
1063 4237 1167 4308 tltsse
1191 4239 1391 4326 teptttlnarr.

565 4405 773 4476 Notandum
798 4415 857 4477 est
881 4407 1083 4479 Ecclesiam
1105 4409 1311 4478 Romanam
1327 4407 1441 4478 luisse
1456 4429 1479 4477 a
1495 4409 1622 4499 primis
1638 4407 1803 4478 Saeculis

475 4539 557 4615 post
582 4544 709 4614 pacem
733 4523 854 4594 datam
878 4523 1009 4593 divitiis
1033 4523 1289 4612 abundantem,
1315 4523 1406 4594 adeo
1432 4531 1469 4594 ut
1493 4524 1708 4614 patrimonia
1731 4523 1807 4614 plu·

477 4641 569 4710 rima
593 4661 665 4708 non
690 4640 798 4710 modo
823 4641 919 4710 circa
945 4639 1091 4730 Urbem,
1118 4639 1184 4732 sed
1209 4642 1242 4708 in
1268 4651 1341 4710 tota
1365 4641 1477 4726 ltalia,
1504 4641 1576 4711 imo
1607 4649 1641 4709 et
1665 4640 1701 4710 in
1725 4639 1806 4709 aliis

475 4757 633 4848 Imperii,
661 4757 857 4847 provinciis
882 4756 1097 4849 possideret.
1124 4758 1285 4828 lamvero
1309 4758 1376 4829 hoc
1399 4757 1596 4850 plurimum
1629 4757 1809 4848 potentiae

469 4871 673 4943 conterebat
710 4873 864 4946 Summo
896 4873 1072 4963 Pontifici,
1099 4873 1171 4945 imo
1200 4877 1285 4964 jure
1309 4876 1476 4948 Romano
1501 4874 1709 4949 conferebat
1731 4873 1805 4966 plu-
