4054 6322
1358 908 1401 981 tl

168 1095 235 1166 luit
258 1094 413 1166 loannes
437 1091 479 1162 ll.
500 1090 707 1164 Lusitaniae
732 1087 987 1160 Rex.saeculo
1011 1067 1113 1171 XV.,
1139 1086 1198 1178 qui
1217 1085 1340 1157 statuit
1363 1084 1501 1156 litteras

167 1204 402 1302 Apostolicas
427 1229 499 1276 non
524 1225 609 1277 esse
635 1203 873 1296 publicandas
898 1209 980 1272 ante
1005 1201 1223 1271 revisionem
1248 1198 1385 1290 Regiae
1409 1196 1502 1269 Can·

168 1325 347 1416 cellariae.
374 1323 498 1394 Sixtus
524 1322 585 1392 lV.
612 1340 696 1390 eum
721 1320 877 1410 graviter
894 1316 1134 1408 reprehendit.
1155 1313 1386 1386 lnnoaeutius
1407 1313 1497 1386 Vlll.
1631 1333 1633 1340 ’

168 1461 254 1514 eum
290 1439 472 1510 damnavit
497 1438 602 1508 Brevi
630 1434 762 1507 “Olim
789 1463 805 1500 a
831 1434 887 1504 die
920 1437 949 1504 3.
976 1432 1150 1520 Februarj
1179 1433 1276 1501 1486.
1303 1431 1384 1500 Rex
1415 1449 1500 1506 sese

167 1557 350 1640 submisit,
377 1563 411 1626 et
430 1555 543 1644 J'ussit
557 1555 704 1650 *litteras
728 1551 950 1644 apostolicas
974 1550 1085 1622 libere
1110 1545 1349 1640 publicandas
1367 1554 1401 1618 61
1419 1563 1500 1618 exe·

168 1671 346 1766 quendas.
842 1647 845 1656 “

257 1789 395 1861 Pariter
419 1787 651 1880 innocentius
677 1784 769 1857 Vlll.
806 1805 903 1856 anno
940 1785 1039 1854 1486.
1077 1780 1174 1852 editit
1198 1778 1500 1852 constitutionem

170 1907 363 2004 “Dilectus
387 1884 500 1976 Filius
514 1955 545 1994 ῃ,
565 1905 599 1972 16
617 1925 688 1999 qua
713 1901 885 1994 praecipit
913 1899 1185 1990 Magistratibus
1200 1896 1449 1970 Brixiensibus
1465 1893 1499 1965 id

167 2023 407 2094 renuentibus
430 2022 680 2091 executionem
704 2018 791 2088 dare
809 2017 1009 2088 sententiae
1027 2015 1255 2108 Inquisitoris
1268 2013 1407 2106 absque
1426 2011 1500 2083 ulla

168 2139 349 2210 revisione
374 2158 510 2207 causae
535 2135 589 2206 vel
616 2155 830 2227 processus,
857 2135 926 2204 sub
959 2155 1076 2224 poena
1111 2130 1499 2202 excommunicat'onis

167 2257 261 2326 intra
284 2275 349 2325 sex
373 2252 452 2323 dies
476 2251 716 2322 incurrendae
743 2251 776 2320 ni
802 2258 965 2342 pareant.

258 2369 308 2441 lte·
331 2391 428 2440 anno
456 2369 551 2435 1501.
579 2366 785 2438 Alexander
804 2368 869 2434 VI.
887 2365 1056 2458 deposuit
1072 2387 1093 2434 6
1111 2366 1238 2454 Regno
1262 2361 1498 2455 Neapolitano

166 2488 203 2558 S.
231 2485 338 2558 Sedis
361 2484 658 2574 leudalidlegem
682 2482 916 2570 Fridericum,
944 2483 1034 2552 inter
1058 2481 1149 2551 alias
1174 2500 1310 2552 causes
1336 2481 1421 2574 quia
1439 2502 1498 2550 ve-

155 2605 261 2682 wlebat
286 2603 409 2674 Bullas
433 2601 641 2673 Pontificias
665 2600 868 2671 executioni
894 2621 966 2670 uon
990 2595 1201 2671 demandari
1226 2597 1364 2690 absque
1383 2595 1498 2687 Regio

151 2721 386 2810 Eaequatur.
492 2756 496 2765 ·
606 2715 607 2718 ’
680 2790 695 2806 ..

256 2837 298 2905 In
324 2835 621 2926 Hispania'anno
647 2835 746 2904 1515.
774 2835 849 2904 Leo
874 2835 924 2902 X.
956 2829 1218 2904 Constitutione
1246 2829 1495 2922 ι(1163116161.

167 2960 261 3024 vetat
286 2951 388 3046 laicis
412 2947 498 3022 sese
514 2953 720 3021 immiscere
738 2948 848 3019 rebus
865 2948 1138 3035 ecclesiasticis,
1163 2956 1197 3017 et
1220 2947 1433 3018 ann01518.
1461 2947 1497 3017 16

165 3069 343 3160 Hispania
368 3069 446 3160 ipse
472 3069 547 3138 Leo
565 3069 612 3138 X.
630 3067 893 3137 Constitutione
909 3068 924 3104 ⁰
939 3067 982 3134 In
999 3065 1209 3154 Supremo„
1225 3086 1298 3136 non
1312 3063 1420 3134 modo
1445 3083 1498 3145 re·

162 3186 250 3280 jecit
271 3184 448 3254 Placitum
474 3183 690 3276 Episcopale
715 3183 760 3252 ab
784 3182 977 3274 Episcopis
994 3181 1101 3272 petito
1119 3188 1305 3272 praetextu
1320 3180 1497 3252 falsarum

165 3303 362 3388 literarum,
389 3299 587 3371 sedetiam
612 3299 787 3370 Placitum
823 3297 1008 3388 Regium·
1030 3297 1127 3391 quod
1158 3299 1193 3368 in
1218 3297 1395 3390 Hispania
1430 3317 1499 3389 per

164 3419 201 3488 id
227 3419 402 3509 temporis
426 3427 594 3508 coeperat
618 3414 791 3510 adhiberi.
834 3409 836 3415 ’
1060 3431 1063 3436 “

210 3593 211 3596 ,
256 3537 300 3602 Ι6
323 3537 452 3623 Regno
488 3533 727 3624 Neapolitano
763 3533 800 3602 S.
828 3531 934 3602 Sedis
969 3531 1102 3602 feudali
1137 3533 1267 3602 iterum
1302 3530 1497 3601 damnatur

164 3651 341 3722 Placitum
367 3651 521 3740 Regium
539 3672 560 3719 6
574 3649 756 3722 Clemente
772 3649 857 3718 VII.
885 3648 1148 3719 Constitutione
1167 3651 1182 3686 ‘⁴
1198 3650 1389 3720 Romanus
1405 3647 1498 3715 Pon-

165 3767 248 3839 tifex
268 3821 283 3858 ῃ
302 3768 373 3838 sub
389 3767 518 3836 Carolo
546 3768 589 3834 V.
617 3766 704 3836 Item
728 3766 766 3834 S.
794 3765 882 3836 Pius
908 3765 953 3833 V.
980 3763 1304 3836 excommunicavit
1338 3763 1498 3833 Vico-re-

163 3905 246 3974 gem
273 3884 549 3973 Neapolitanum
575 3882 634 3975 qni
660 3883 801 3973 primus
824 3883 891 3953 luit
914 3887 974 3974 qui
997 3889 1123 3972 aperta
1138 3883 1218 3970 lege
1236 3879 1411 3950 Placitum
1427 3879 1497 3948 Re·

162 4001 263 4090 giam
287 4000 431 4090 exigere
455 4019 572 4069 ausus
597 4006 665 4068 est.
694 3999 877 4068 Vico-Rex
909 4021 993 4068 sese
1018 3979 1185 4086 subjecit,
1212 4004 1247 4067 et
1270 3996 1308 4068 S.
1335 3996 1423 4067 Pius
1448 3997 1492 4064 V.

164 4136 248 4186 eum
273 4116 440 4186 absolvit.
1105 4171 1106 4176 ,

252 4233 290 4302 lu
315 4231 430 4304 Gallia
448 4231 657 4304 resuscitari
675 4231 790 4323 caepit
807 4231 963 4322 Regium
981 4231 1190 4322 Exequatur
1206 4251 1262 4302 66.
1282 4231 1380 4318 1665,
1398 4227 1495 4321 quod

163 4358 373 4420 cessaverat
397 4349 441 4418 ab
466 4349 659 4418 extiutione
684 4348 906 4418 schismatis.
934 4347 1159 4418 Resuscitari
1184 4349 1301 4438 eoepit
1336 4367 1421 4417 cum
1458 4345 1496 4414 li-

93 4532 96 4538 .
163 4465 358 4551 mitatione,
386 4486 515 4556 nempe
539 4473 677 4536 tantum
702 4486 766 4555 pro
796 4464 910 4534 Bullis
945 4463 1218 4554 respicientibus
1252 4464 1352 4552 leges
1388 4482 1496 4554 gene·

101 4576 107 4602 “
163 4583 273 4669 rales,
299 4603 345 4651 ne
369 4581 534 4652 Pontifex
558 4563 704 4653 noceret
727 4580 956 4650 libertatibus
978 4581 1181 4671 gallicanis.

253 4701 290 4770 ln
318 4697 494 4790 Hispania
537 4693 702 4768 admissa
735 4697 801 4769 luit
834 4697 1026 4789 appellatio
1060 4697 1104 4766 ad
1135 4696 1308 4768 Tribunal
1340 4697 1497 4790 Regium

164 4814 233 4886 sub
246 4815 391 4886 nomine
400 4816 497 4904 juris
510 4814 738 4906 supplicandi
751 4813 973 4887 Pontificem.
987 4813 1065 4884 Hoc
1082 4813 1265 4884 damnavit
1277 4812 1315 4884 S.
1332 4813 1421 4883 Pius
1432 4813 1493 4900 V.,

163 4931 231 5002 etsi
258 4929 354 5002 enim
378 4930 532 5024 quisque
556 4929 687 5002 habeat
716 4932 782 5020 jus
819 4929 1025 5002 recurrendi
1062 4929 1108 5000 ad
1132 4931 1325 5002 Summum
1349 4928 1495 5001 Pontifi-
