4054 6322
603 1129 1048 1240 DISSERTATIO
1092 1129 1148 1234 V.

279 1445 334 1516 DE
370 1443 608 1516 LIBERTATE
644 1443 961 1516 CONSCIENTIAE
997 1444 1075 1513 SEU
1110 1440 1167 1513 DE
1204 1440 1462 1512 CATHOLICIS

732 1614 1002 1688 LIBERAUBUS

790 1841 946 1854 ..η-..Μ

293 1998 566 2070 Liberalismus
591 1995 803 2092 exprimitur
816 1998 849 2066 in
866 1996 1036 2068 Formula
1049 1996 1214 2070 Cavour:
1233 1999 1393 2072 “Libera
1406 1999 1538 2073 Chiesa

207 2117 243 2185 in
268 2115 379 2188 libero
403 2115 521 2204 State,
550 2167 565 2204 „
592 2115 725 2185 asserit
748 2133 886 2206 nempe,
898 2112 1104 2186 Ecclesiam
1121 2114 1254 2186 habere
1271 2115 1416 2210 quidem
1429 2139 1537 2190 suain

205 2233 507 2326 personalitatem
531 2240 566 2301 et
589 2229 915 2323 independentiam,
942 2229 1009 2303 sed
1025 2231 1166 2302 Statum
1193 2231 1294 2304 nullo
1332 2232 1440 2306 modo
1479 2232 1537 2302 ha-

212 2350 297 2420 bere
321 2347 598 2442 dependentium
624 2349 669 2419 ab
693 2347 871 2420 Ecclesia.
898 2349 1066 2419 tamvero
1091 2348 1158 2420 hoc
1183 2353 1228 2420 1⁰.
1246 2357 1304 2422 est
1321 2351 1533 2422 absurdum.

204 2469 251 2536 2⁰.
280 2465 403 2537 recidit
427 2465 463 2536 in
487 2465 767 2558 oppressionem
794 2465 996 2537 Ecclesiae.

293 2583 460 2654 Diximus
486 2584 529 2652 1⁶.
557 2602 643 2652 esse
667 2580 869 2654 absurdum
893 2583 978 2674 quia
1002 2581 1096 2654 duae
1120 2583 1536 2678 auctoritatesindepen-

203 2695 331 2770 dentes
356 2697 392 2769 in
429 2697 557 2770 eadem
600 2697 753 2771 materia
777 2719 845 2769 seu
870 2699 1003 2790 populo
1029 2705 1243 2790 repugnant,
1270 2701 1399 2772 ambae
1437 2703 1534 2773 enim

203 2813 373 2887 eumdem
397 2814 573 2906 populum
600 2815 743 2905 legibus
766 2813 961 2906 dirigentes
984 2815 1062 2885 sive
1084 2813 1203 2907 quoad
1227 2823 1332 2888 actus
1372 2818 1535 2890 internos

201 2931 279 3004 eive
303 2939 489 3019 externos,
515 2930 645 3002 debent
668 2929 863 3022 aliquando
887 2930 922 3000 in
948 2931 1156 3004 conflictum
1182 2932 1303 3003 venire
1338 2932 1408 3004 nisi
1448 2956 1533 3006 con·

199 3047 354 3122 corditer
376 3055 498 3140 agant,
525 3055 560 3118 et
583 3053 671 3118 tuuc
694 3045 910 3118 necessario
933 3045 1064 3118 debent
1088 3047 1286 3120 conciliari.
1312 3050 1368 3120 Ita
1392 3049 1426 3118 in
1453 3052 1532 3120 Sta·

199 3165 297 3237 tibus
321 3164 441 3238 Unitis
465 3171 649 3236 secretum
672 3162 926 3234 confessionis
952 3163 1106 3233 venitin
1131 3163 1299 3236 conflictu
1323 3187 1408 3237 oum
1433 3167 1534 3258 Lege

202 3281 315 3370 Civili,
340 3288 375 3352 et
398 3281 437 3349 P.
466 3277 648 3350 Kohlman
673 3279 825 3350 obtinuit
849 3280 1100 3372 exceptionem
1124 3304 1147 3350 a
1170 3280 1250 3371 lege
1274 3303 1339 3374 pro
1359 3281 1534 3355 Sacerdo-

200 3396 298 3468 tibus
321 3394 529 3468 Catholicis.
555 3393 647 3466 ffinc
672 3401 797 3466 mutua
821 3393 1101 3487 independentia
1125 3403 1181 3466 est
1203 3395 1377 3470 absurda.

288 3515 337 3584 2⁰.
361 3509 502 3583 Recidit
526 3510 562 3582 in
586 3510 867 3604 oppressionem
893 3511 1096 3599 Ecclesiae,
1122 3513 1248 3585 Status
1272 3514 1369 3585 enim
1394 3515 1424 3585 si
1463 3537 1535 3586 non

201 3630 411 3702 concilietur
434 3649 519 3700 cum
544 3627 723 3715 Ecclesia,
749 3649 834 3699 cum
859 3627 895 3697 in
922 3649 964 3699 se
990 3626 1119 3698 habeat
1143 3627 1216 3700 vim
1228 3629 1394 3721 cogendi,
1413 3631 1535 3724 utique

200 3747 309 3817 libere
333 3753 415 3836 aget
439 3751 473 3816 et
496 3741 663 3815 subditos
687 3743 732 3814 ad
757 3743 1009 3816 observandas
1033 3745 1136 3836 leges
1160 3752 1277 3836 coget,
1304 3752 1425 3817 tamur
1451 3747 1482 3816 si
1501 3747 1536 3816 id

199 3861 307 3934 iaciat
330 3861 410 3933 sine
435 3860 511 3932 ulla
533 3858 774 3953 dependentia
796 3861 842 3930 ab
867 3861 1046 3952 Ecclesia,
1073 3861 1177 3952 leges
1192 3861 1381 3932 Ecclesiae
1398 3861 1433 3931 in
1451 3885 1536 3933 oon-

201 3979 298 4049 flictu
320 3997 406 4048 cum
428 3976 571 4070 legibus
595 3976 720 4048 Status
743 3975 873 4048 cedere
897 3976 1093 4067 debebunt,
1118 3977 1204 4069 quia
1227 3977 1349 4050 Status
1372 3977 1480 4049 habet
1498 3980 1533 4048 in

200 4114 242 4166 se
265 4093 338 4163 vim
361 4091 527 4184 cogendi,
553 4112 664 4185 quam
688 4093 763 4163 vim
787 4113 861 4162 non
885 4091 995 4164 habet
1019 4093 1198 4164 Ecclesia.
1225 4094 1322 4184 Ergo
1363 4092 1535 4186 indepen-

200 4209 320 4280 dentia
342 4209 469 4280 Status
491 4209 537 4280 ab
561 4208 728 4281 Ecclesia
751 4207 876 4281 recidit
900 4209 935 4279 in
960 4210 1238 4302 oppressionem
1263 4209 1464 4282 Ecclesiae.

290 4326 463 4396 Formula
488 4325 503 4364 ‘⁸
530 4325 662 4398 Libera
685 4323 819 4397 Chiesa
842 4326 879 4396 in
904 4325 1017 4396 libero
1048 4326 1151 4396 State
1177 4379 1192 4418 „
1219 4325 1255 4396 iu
1291 4347 1408 4399 sensu
1448 4327 1532 4400 libe·

202 4443 280 4529 rali,
308 4442 355 4512 uti
380 4427 607 4512 demdnstrat
629 4439 778 4530 laetum,
805 4441 986 4532 significat
1010 4441 1280 4533 separationem
1319 4443 1449 4515 Status
1486 4446 1533 4516 ab

202 4557 381 4646 Ecclesia,
407 4556 504 4650 quod
529 4579 601 4628 non
626 4564 683 4628 est
706 4557 894 4630 Ecclesiae
918 4559 1118 4630 libertatem
1141 4557 1299 4632 tribuere
1323 4559 1389 4632 sed
1407 4561 1531 4632 Eccle-

203 4674 296 4745 siam
319 4674 487 4745 ancillam
510 4674 644 4761 tacere,
671 4675 797 4745 Status
822 4675 919 4746 enirn
944 4675 976 4744 si
1001 4675 1284 4768 independenter
1306 4677 1351 4745 ab
1368 4676 1534 4748 Ecclesia

203 4789 294 4862 terat
317 4790 431 4882 leges,
453 4790 531 4880 jam
556 4790 715 4882 incapax
739 4791 805 4862 erit
828 4789 979 4864 alterius
1003 4791 1097 4883 legis
1119 4790 1189 4862 nisi
1218 4812 1292 4864 una
1328 4791 1430 4864 alteri
1470 4813 1533 4864 su·

201 4905 411 4988 botdinetur
434 4909 470 4986 in
506 4927 599 4987 casu
634 4907 836 5001 conflictus,
862 4929 957 5010 quae
981 4907 1236 5016 subordinatio
1274 4930 1359 4988 cum
1383 4929 1406 4980 a
1430 4909 1534 4988 Statu
