4054 6322
1374 869 1422 943 29

135 1092 138 1100 -
178 1047 328 1143 quando
352 1050 430 1142 ipae
452 1047 630 1145 Princeps
652 1047 899 1121 &enuntiavit
924 1049 1079 1122 Summo
1103 1044 1267 1117 Pontifici
1291 1045 1404 1118 alium
1419 1045 1520 1116 Prin·

181 1167 312 1258 cipem.
341 1165 391 1236 lta
415 1167 492 1236 Rex
517 1165 673 1264 Angliae
697 1164 853 1236 Ioannes
874 1163 1098 1236 denuntiavit
1129 1162 1339 1234 Innocentio
1365 1163 1421 1234 lll.
1449 1164 1519 1232 Re·

182 1303 268 1372 gem
292 1281 466 1352 Francius
489 1278 695 1384 Philippum
718 1281 928 1372 Augustum
953 1288 993 1352 ut
1018 1279 1232 1372 perjurium,
1263 1299 1394 1369 nempe
1418 1277 1520 1370 pacis

176 1399 322 1485 juratae
346 1405 379 1470 et
404 1396 568 1481 violatae,
594 1395 691 1488 quod
714 1395 887 1485 judicium
913 1395 1144 1467 Innocentius
1169 1394 1225 1466 111.
1253 1393 1427 1486 suscepit.

274 1513 483 1606 Regalistae
506 1511 637 1598 dicunt¹
662 1511 854 1584 mnarum
885 1512 1100 1584 Pontificem
1134 1511 1365 1602 processisse
1391 1511 1425 1582 in
1451 1509 1519 1582 bac

182 1651 298 1704 causa
321 1652 364 1701 ex
385 1631 470 1718 jure
494 1625 637 1720 publico
660 1627 769 1699 medii
792 1628 871 1700 aevi
889 1628 1077 1718 idestjure
1101 1627 1261 1698 humano
1283 1626 1517 1718 contingenti,

182 1747 453 1838 agnoscebatur
475 1745 572 1817 enim
596 1751 635 1816 ut
659 1752 768 1836 caput
791 1743 1064 1816 christianitatis
1087 1745 1195 1816 etiem
1217 1741 1338 1836 quoad
1362 1743 1518 1814 interna·

182 1863 353 1933 tionalem
378 1861 680 1954 tranquillitatem.

274 1979 560 2071 Respondemus
583 1980 775 2050 Summum
801 1979 1009 2050 Pontificem
1022 2000 1168 2071 semper
1193 1999 1279 2050 esse
1303 1978 1518 2070 caputchri·

183 2098 377 2168 stianitatis
400 2097 509 2166 ctiam
534 2093 655 2184 quoad
689 2095 1000 2184 internetionalcm
1036 2096 1341 2188 tranquillitatem,
1373 2101 1520 2166 tenetur

182 2214 278 2284 enirn
305 2211 471 2285 subditos
496 2213 671 2301 adjuvare
695 2212 803 2282 etiam
827 2212 863 2282 in
885 2213 1150 2304 temporalibus
1165 2211 1310 2304 quando
1325 2212 1374 2282 sit
1393 2231 1519 2284 neces-

181 2331 335 2418 sarium,
360 2349 491 2420 nempe
515 2327 703 2400 deficiente
725 2329 939 2400 auctoritate
975 2328 1082 2401 civili.
1109 2329 1201 2398 Hinc
1233 2335 1271 2400 ut
1294 2337 1402 2420 caput
1424 2325 1520 2398 chri·

182 2445 375 2518 stianitatis
399 2453 456 2516 est
480 2445 588 2516 etiarn
612 2451 720 2536 caput
755 2443 1042 2516 internetionalis
1078 2443 1347 2538 tranquillitatis
1379 2447 1409 2514 si
1435 2443 1520 2516 deb-

183 2563 278 2634 ciant
312 2561 609 2634 internetionales
644 2562 852 2647 relationes,
877 2563 932 2633 vel
958 2561 990 2631 si
1014 2561 1084 2654 ipsi
1109 2561 1297 2654 Principes
1334 2583 1397 2654 pre
1422 2568 1514 2632 tran·

180 2679 353 2771 quillilete
375 2675 640 2750 internetionali
667 2696 859 2750 recursum
882 2677 1015 2748 leoiant
1031 2676 1077 2748 ad
1093 2674 1287 2749 Summum
1304 2677 1516 2748 Pontificem

182 2801 221 2868 ut
245 2794 360 2887 Caput
375 2793 669 2876 Christianitatis
695 2795 746 2865 uti
771 2793 899 2864 accidit
923 2793 1043 2866 Medio
1071 2795 1185 2864 Aevo.

271 2911 438 2982 Ecclesia
472 2919 512 2982 ut
535 2911 694 2982 societas
727 2911 926 3002 spiritualis
961 2909 1094 2981 directe
1130 2909 1236 2982 babet
1256 2911 1322 2999 jus
1345 2911 1391 2982 ad
1415 2909 1518 3002 spiri·

182 3027 292 3100 tualia
304 3081 316 3121 ,
342 3027 409 3098 sed
443 3030 490 3099 ob
515 3027 777 3098 connexionem
802 3045 926 3098 rerum
950 3026 1204 3119 temporalium
1239 3045 1324 3098 cum
1348 3026 1515 3118 spiritua·

182 3145 279 3218 libus
319 3144 484 3216 Ecclesia
509 3143 681 3214 indirecte
715 3142 820 3214 babet
850 3143 917 3232 jus
951 3141 998 3214 ad
1033 3143 1257 3235 temporalia.
1288 3143 1520 3236 Temporalla

181 3259 314 3332 directe
338 3267 503 3352 spectant
526 3259 573 3330 ed
597 3259 810 3331 societatem
835 3259 988 3346 civilem,
1027 3267 1060 3332 et
1097 3260 1262 3334 Ecclesia
1293 3259 1382 3331 hacc
1406 3259 1451 3330 ab
1476 3281 1520 3332 ea

182 3375 303 3468 exigit,
329 3375 395 3448 sed
419 3399 464 3448 ea
487 3375 676 3450 deficiente
701 3376 845 3468 supplet
869 3397 934 3469 per
958 3398 1011 3447 se.
1039 3377 1206 3447 Potestas
1231 3385 1354 3448 eutem
1378 3377 1519 3448 Summi

181 3492 368 3564 Pontificis
393 3493 427 3562 in
453 3493 669 3583 temporalia
692 3491 864 3564 fundatur
887 3492 1006 3586 quoad
1032 3493 1103 3563 rim
1128 3491 1414 3565 executivam'in
1437 3493 1520 3564 obe-

180 3609 313 3679 dientia
337 3609 511 3694 fidelium,
537 3610 714 3682 Summus
738 3609 835 3680 enim
859 3609 1024 3682 Pontifex
1042 3631 1112 3681 non
1131 3610 1238 3680 babet
1256 3610 1327 3680 vim
1342 3617 1519 3680 armatam

181 3725 436 3812 sufficientem,
463 3725 529 3796 sed
555 3726 665 3794 utitur
690 3726 833 3796 brachio
858 3727 1052 3811 saeculari,
1080 3747 1147 3797 seu
1171 3726 1310 3798 anxilio
1326 3724 1519 3796 catholica·

177 3863 262 3912 rum
287 3843 486 3928 nationum,
512 3863 606 3932 quae
632 3840 823 3914 obedentia
860 3843 979 3912 locum
1012 3841 1135 3914 babuit
1160 3842 1374 3934 praesertim
1397 3842 1517 3914 medie

181 3964 310 4030 aetate.
826 4023 829 4026 .

273 4073 498 4165 Van-Espen
522 4073 631 4164 objcit
655 4095 701 4144 ex
725 4082 852 4146 nostra
877 4073 1036 4146 theorica
1068 4073 1169 4166 sequi
1206 4075 1393 4167 Principes
1423 4074 1517 4164 judi-

182 4190 255 4260 cari
281 4211 394 4281 posse
419 4191 526 4261 etiam
550 4192 595 4260 ab
619 4189 827 4282 Episcopis,
847 4213 920 4264 non
936 4191 1045 4263 modo
1063 4214 1085 4261 a
1101 4192 1255 4272 Summo
1271 4191 1457 4264 Pontifice.
1476 4233 1519 4245 --

182 4307 294 4397 Resp.
322 4305 511 4398 Principes
534 4305 728 4400 aliquando
752 4307 899 4396 judicati
924 4308 1070 4380 luerunt
1102 4309 1136 4378 in
1162 4307 1333 4379 conciliis
1359 4309 1517 4380 natione·

183 4421 292 4492 libus.
313 4422 450 4494 Tamen
469 4421 656 4515 Principes
675 4422 832 4512 judicari
856 4423 987 4495 debent
1011 4445 1096 4496 cum
1115 4439 1248 4516 magna
1270 4425 1469 4496 reverentia
1485 4435 1520 4497 et

182 4529 387 4630 prudentia,
413 4537 497 4609 hinc
521 4539 600 4630 ipse
625 4539 791 4610 Pontifex
815 4540 1009 4632 aliquando
1032 4537 1213 4630 ejudicio
1230 4542 1385 4614 abstinet
1401 4541 1447 4612 ad
1471 4543 1519 4612 vi-

184 4653 291 4726 tanda
315 4655 412 4725 mala
436 4657 587 4742 majora,
615 4655 764 4746 proinde
789 4657 836 4726 ita
860 4655 990 4728 debent
1009 4657 1166 4746 judicari
1192 4658 1324 4730 utalia
1348 4659 1444 4730 mala
1467 4659 1519 4728 vi-

109 4764 120 4795 *
184 4777 331 4856 lentur,
359 4769 442 4841 hinc
481 4771 511 4840 si
536 4770 711 4842 scandale
745 4771 939 4844 timeantur
974 4795 1020 4844 ex
1052 4771 1193 4862 judicio
1229 4773 1398 4867 Episcopi
1423 4782 1520 4848 certe

181 4883 323 4957 debebit
341 4885 509 4976 judicare
532 4885 707 4960 Summus
732 4887 908 4960 Pontilax.
