4054 6322
1412 916 1454 987 71

222 1084 354 1162 dinato,
380 1085 479 1162 idem
503 1098 605 1162 esset
627 1112 670 1162 ac
695 1109 829 1184 ponere
854 1089 926 1162 vim
950 1089 1150 1162 coactivam
1171 1093 1206 1160 in
1224 1089 1381 1163 subditis
1396 1089 1442 1162 ad
1454 1097 1557 1162 tuen·

224 1200 310 1278 dam
335 1206 586 1280 auctoritatem
613 1207 839 1300 imperantis,
865 1206 960 1301 qnod
985 1217 1041 1278 est
1057 1187 1196 1280 ‘eontra
1230 1209 1349 1301 ipsam
1388 1215 1555 1279 naturam

227 1323 464 1412 auctoritatis,
492 1322 547 1394 vis
572 1323 669 1395 enim
693 1324 855 1394 coactiva
879 1324 1030 1415 pertinet
1053 1323 1100 1396 ad
1123 1325 1374 1396 auctoritatem
1412 1344 1486 1395 non
1510 1320 1556 1392 ad

224 1438 405 1526 subditos,
435 1445 492 1510 est
515 1439 609 1510 enim
632 1439 843 1511 costitutiva
865 1440 1104 1528 auctoritatis
1131 1440 1309 1512 elementa
1324 1442 1557 1512 enimaucto·

226 1555 340 1626 ritatis
375 1555 606 1628 constitutiva
630 1563 716 1626 sunt
739 1554 908 1626 Potestas
938 1556 1163 1646 legislativa,
1184 1555 1389 1644 judiciaria,
1415 1563 1451 1626 et
1474 1578 1556 1626 exe·

224 1671 353 1742 cutiva.

314 1786 406 1868 Quid
446 1789 477 1882 si
513 1787 650 1860 feratur
673 1771 730 1859 lex
754 1788 1041 1860 internetionalis
1068 1788 1114 1860 de
1150 1787 1358 1861 omnimoda
1395 1788 1557 1860 libertato

227 1903 428 1994 Ponttfiois,
453 1905 544 1976 adeo
569 1913 608 1975 ut
631 1905 807 1977 Nationes
824 1903 954 1977 omnes
971 1914 1097 1977 essent
1114 1905 1276 1976 vindices
1292 1905 1467 1976 libertatis
1484 1905 1557 1976 eiu-

226 2019 344 2110 sdem,
372 2021 403 2090 si
427 2021 551 2093 forsan
577 2022 752 2114 Princeps
775 2022 1001 2093 territorialis
1036 2021 1154 2096 eidem
1178 2016 1419 2093 attentaverit.

315 2137 409 2226 neap.
436 2177 476 2189 -
504 2139 630 2230 Neque
654 2138 689 2208 in
715 2136 783 2209 hoc
807 2159 898 2210 casu
922 2139 1116 2211 Summum
1140 2135 1354 2210 Pontificem
1370 2159 1456 2210 esse
1474 2137 1558 2208 libe·

225 2273 320 2342 rum,
346 2253 464 2324 adhuc
488 2253 585 2328 enim
609 2253 780 2347 panderet
804 2277 827 2324 a
850 2255 1033 2326 voluntate
1059 2253 1235 2346 Principis
1251 2255 1475 2324 territorialis
1491 2253 1553 2348 qui

225 2368 345 2440 adhuc
370 2379 501 2460 posset.
519 2369 663 2442 laedere
688 2391 795 2441 suam
819 2369 1031 2458 libertatern,
1058 2373 1130 2442 imo
1154 2367 1274 2440 adhuc
1306 2377 1406 2440 asset
1441 2366 1555 2438 dorni·

226 2507 299 2556 nus
324 2505 503 2577 personae
527 2485 714 2556 Pontificis
737 2493 771 2558 et
795 2485 1015 2559 Officialium
1039 2485 1077 2558 S.
1107 2483 1225 2574 Sedis,
1264 2485 1312 2556 ita
1352 2493 1391 2556 ut
1430 2493 1559 2578 posset

226 2602 304 2673 sive
328 2601 540 2672 Pontificem
565 2601 642 2672 sive
665 2603 747 2674 eius
772 2601 953 2674 Officiales
979 2603 1014 2673 in
1038 2623 1224 2674 carcerem
1263 2601 1469 2688 detrudere,
1507 2601 1558 2672 uti

224 2725 368 2788 constat
392 2739 435 2787 ex
459 2715 618 2788 Historia
634 2719 804 2788 evenisse
820 2718 964 2810 qnando
976 2718 1173 2789 Pontifices
1189 2725 1433 2790 exercuerunt
1450 2739 1558 2788 suam

228 2839 446 2926 potestatem
470 2841 600 2902 contrat
618 2832 806 2924 Principes
829 2833 1022 2905 abutentes
1045 2834 1256 2904 auctoritate
1281 2833 1476 2904 velcontra
1492 2833 1559 2903 Ec·

226 2933 376 3019 alesiam
401 2949 457 3018 vel
481 2957 608 3022 contra
631 2949 860 3038 Societatem,
888 2950 954 3020 etsi
981 2949 1143 3020 Pontiiex
1173 2947 1321 3021 haberat
1360 2947 1498 3037 fideles,
1525 2955 1559 3020 et

227 3064 377 3158 proinde
401 3064 563 3138 vindices
586 3066 678 3137 alias
704 3067 890 3136 Nationes.
918 3067 1061 3166 Etenim
1087 3065 1272 3137 mutabilia
1296 3073 1352 3136 est
1375 3073 1411 3138 et
1434 3085 1559 3158 pecca·

226 3183 309 3276 qilis
333 3181 501 3254 voluntas
526 3181 703 3273 Principis
731 3181 967 3272 territorialiS,
995 3185 1067 3254 imo
1098 3181 1284 3253 mutabilis
1308 3191 1342 3253 et
1366 3182 1560 3273 peccabilis

226 3307 283 3370 est
306 3299 497 3390 supposita
520 3299 630 3368 tutela
654 3298 954 3380 internetionalis,
971 3297 1261 3371 internetionalia
1285 3299 1383 3369 enim
1406 3297 1560 3370 consilia

227 3425 263 3486 et
287 3415 366 3507 ipsa
390 3414 587 3506 plurimum
610 3415 819 3486 consistunt
842 3415 877 3484 in
903 3415 935 3484 vi
960 3423 994 3486 et
1018 3417 1178 3507 potentia
1201 3415 1433 3506 singulorum
1458 3415 1559 3486 Prin·

228 3531 350 3624 cipum
374 3531 434 3624 qui
459 3547 503 3600 ea
526 3539 760 3622 componunt,
787 3539 821 3603 et
837 3531 883 3602 ab
900 3553 1026 3603 aarum
1043 3532 1221 3604 interesse
1238 3529 1459 3622 dependunt.
1476 3530 1559 3602 Uno

228 3648 436 3728 verbo'non
460 3645 668 3736 intelligitur
691 3647 902 3719 Auctoritas
925 3647 1137 3740 dependens
1161 3670 1183 3718 a
1207 3645 1376 3735 subditis,
1413 3647 1458 3717 de
1493 3669 1556 3718 na-

227 3773 309 3836 tura
332 3763 428 3835 enirn
451 3761 687 3834 Auctoritatis
712 3770 768 3833 est
793 3771 832 3834 ut
856 3763 904 3834 sit
926 3762 1117 3834 asubditis
1134 3760 1395 3855 independens,
1422 3772 1457 3834 et
1474 3765 1560 3836 sub-

227 3879 290 3950 diti
314 3881 385 3950 sint
409 3880 454 3948 ab
478 3877 559 3970 ipsa
583 3878 842 3971 dependentes
870 3880 918 3950 ita
934 3887 973 3950 ut
996 3877 1165 3951 subditos
1178 3879 1416 3972 possitetiam
1429 3881 1559 3972 poenis

227 4017 408 4083 coercere,
436 3996 471 4065 in
494 4017 567 4090 quo
584 3995 750 4067 consistit
775 4003 938 4087 potestas
963 3996 1149 4068 executiva
1180 4017 1274 4090 quae
1310 4003 1368 4066 est
1403 3995 1559 4067 elemen-

227 4122 305 4183 tum
329 4112 525 4183 essentiale
549 4113 799 4184 Auctoritatis.

319 4228 409 4298 Hinc
435 4235 471 4300 ut
494 4227 658 4300 Pontifex
682 4229 730 4298 sit
754 4229 962 4317 subjectum
985 4229 1208 4326 auctoritatis
1233 4225 1504 4301 ecclesiasticae
1524 4227 1563 4299 li·

203 4346 357 4416 'berum
380 4346 416 4415 in
440 4365 511 4415 sua
533 4345 745 4418 auctoritate
769 4345 976 4436 exercenda
1000 4368 1087 4436 erga
1111 4346 1289 4435 subditos,
1325 4347 1403 4418 sive
1443 4348 1556 4435 cirea,

231 4462 308 4532 sive
331 4459 532 4552 Principes,
552 4481 706 4532 necasse
730 4471 786 4532 est
809 4470 848 4532 ut
872 4463 918 4532 sit
942 4469 1042 4533 extra
1066 4479 1194 4535 eorum
1217 4462 1418 4534 dominium
1443 4471 1477 4533 et
1500 4459 1563 4533 de-

231 4577 472 4668 pendentiam,
498 4597 566 4648 seu
591 4585 630 4648 ut
654 4578 699 4648 sit
724 4579 758 4648 in
783 4578 942 4649 dominio
968 4579 1126 4670 proprio,
1151 4577 1248 4672 quod
1273 4587 1328 4649 est
1352 4579 1388 4648 in
1402 4579 1561 4650 dominio

230 4693 417 4786 temporali
441 4695 674 4766 constitutus.
701 4695 932 4766 Constitutus
956 4703 1078 4766 autem
1103 4696 1139 4764 in
1162 4694 1322 4766 dominio
1357 4696 1582 4792 temporali,

234 4809 314 4882 eius
353 4810 550 4894 auctoritas
588 4815 710 4882 tuetur
748 4811 916 4882 fidelitate
942 4811 1150 4900 Nationum,
1177 4833 1221 4881 ne
1253 4833 1351 4883 unus
1376 4811 1432 4882 vel
1472 4813 1563 4882 alter

231 4927 417 5019 Princeps,
444 4949 466 4996 a
489 4926 642 4997 Summo
666 4925 840 5000 Pontifice
864 4925 908 4999 de
932 4907 1002 4998 sua
1027 4927 1185 5020 nequitia
1210 4929 1264 4999 vel
1290 4927 1479 5020 tyrannide
1505 4949 1563 5002 re·
