4054 6322
1375 801 1420 874 ‘81

187 985 190 993 “
280 975 367 1044 “Et
396 973 516 1047 Julius
555 972 618 1044 ilI.
658 974 843 1062 (1550-55ε
872 974 992 1046 “Nos
1029 973 1257 1047 attendentes
1298 975 1526 1049 concordata

197 1088 424 1181 “praedicta
449 1101 546 1176 (cum
569 1089 778 1175 Germania)
803 1089 874 1160 vim
897 1091 990 1183 pacti
1030 1091 1120 1160 inter
1144 1098 1267 1183 partes
1306 1091 1452 1182 habere,
1491 1102 1526 1165 et

191 1227 327 1297 oquae
350 1225 395 1276 ex
418 1214 523 1300 pacto
562 1214 742 1296 constant,
767 1207 906 1299 absque
946 1209 1099 1298 partium
1123 1227 1311 1279 consensu
1349 1210 1518 1300 abrogari

189 1347 204 1384 u
234 1343 305 1392 non
329 1323 568 1394 consuevisse
593 1344 659 1394 nec
683 1323 873 1411 debere...,
900 1322 1095 1394 statuimus
1115 1323 1219 1410 Juxta
1243 1324 1409 1416 ipsorum
1429 1327 1520 1396 Oon-

188 1465 204 1502 o
232 1437 466 1520 cordatorum
489 1439 747 1511 continentiam
771 1446 806 1508 et
822 1417 1072 1528 ·tendiem....„

207 1612 210 1616 .
276 1554 436 1644 Objottur
459 1555 613 1646 epistola
636 1555 689 1624 Pii
714 1554 779 1626 lx.
816 1555 864 1625 ad
894 1554 1176 1627 Viae-comitem
1212 1557 1432 1648 De·B⁰nald,
1459 1558 1517 1632 die

187 1671 241 1743 19.
268 1670 363 1742 Junli
389 1672 486 1742 1471.
515 1669 580 1758 (De
604 1671 755 1762 Angelis
778 1673 819 1742 P.
848 1671 954 1758 toa),
969 1669 1088 1742 sedin
1108 1670 1176 1742 hac
1199 1673 1403 1762 gratulatur
1426 1673 1521 1746 Pon-

184 1785 270 1858 tifex
293 1785 338 1858 de
362 1787 546 1878 Opuscolo
570 1785 664 1858 edito
687 1809 710 1856 a
735 1788 787 1858 De
811 1785 1020 1858 Bonaldan.
1050 1791 1147 1860 1871.
1163 1787 1260 1859 circa
1276 1787 1515 1880 Concordata,

185 1925 259 1974 non
282 1911 405 1976 autem
428 1904 618 1978 confirmat
641 1901 855 1994 doctrinam,
881 1911 916 1976 el
939 1903 1118 1976 habentur
1152 1903 1418 1996 declarationes
1457 1929 1521 1978 au·

183 2019 363 2090 thenticae
387 2027 511 2091 contre
535 2039 601 2090 eos
633 2018 693 2112 qui
719 2019 827 2090 nimis
853 2020 1096 2092 innitebantur
1120 2019 1204 2092 huic
1228 2021 1418 2114 epistolae.
1446 2023 1520 2090 Nc·

183 2143 311 2206 tamus
335 2135 485 2227 iusuper
507 2134 603 2230 quod
626 2135 768 2226 agendo
793 2135 837 2207 de
862 2136 1136 2208 confirmatione
1161 2135 1359 2226 doctrinae,
1386 2139 1519 2231 episto·
1617 2151 1618 2155 ’

186 2253 244 2322 lae
267 2250 453 2322 Pontificis
476 2273 549 2322 non
563 2251 821 2324 suntmedium
845 2274 917 2348 quo
941 2253 1118 2326 Summus
1142 2253 1306 2324 Pontifex
1338 2254 1449 2326 utitur
1471 2254 1518 2324 ad
1630 2313 1632 2319 .

182 2366 387 2440 doctrinam
412 2367 697 2459 proponendam,
724 2369 790 2440 sed
815 2368 925 2441 utitur
960 2371 1105 2462 propria
1143 2371 1282 2459 forma,
1308 2371 1357 2442 uti
1384 2370 1512 2458 Bullis,

185 2483 403 2573 Encyolicis,
430 2485 486 2554 vel
510 2485 673 2558 Decretis
697 2487 892 2558 Sacrarum
908 2485 1252 2578 Congregationum.
1270 2487 1351 2558 Imo
1376 2507 1422 2558 ex
1448 2485 1517 2556 nac

183 2601 266 2692 ipsa
289 2600 443 2692 epistota
467 2599 518 2671 Pii
543 2600 610 2672 tx.
636 2602 874 2675 confirmatur
896 2587 1061 2675 doctrina
1089 2602 1412 2692 Concordatorum,
1431 2623 1517 2674 esse

178 2735 314 2807 nempe
337 2723 441 2807 pacta
464 2716 662 2788 bilateralia
684 2719 812 2790 ambas
837 2725 960 2811 partes
985 2719 1194 2810 obligantis,
1220 2719 1256 2789 in
1273 2719 1400 2792 eadem
1417 2719 1515 2791 enim

182 2831 338 2922 epistola
360 2833 514 2925 scriptor
537 2833 702 2906 officialis
718 2837 839 2927 Papae
863 2833 1060 2906 declaravit
1074 2833 1173 2928 quod
1188 2833 1417 2906 Concordnta
1437 2835 1452 2874 “
1471 2837 1519 2904 ri·

183 2949 199 2987 “
227 2960 379 3020 vesteno
402 2949 437 3018 la
460 2948 575 3020 forma
598 2947 632 3020 di
657 2951 909 3042 convencioni,
937 2951 970 3022 le
994 2952 1092 3040 quali
1116 2951 1276 3023 essendo
1317 2951 1405 3043 patti
1430 2952 1519 3023 bila·
1609 3012 1612 3018 .

184 3065 200 3102 ‘⁴
228 3064 340 3153 terali,
368 3064 558 3156 obbligano
588 3073 720 3138 tultae
751 3066 822 3140 due
846 3067 880 3138 le
904 3067 997 3159 parti
1023 3093 1054 3137 n.
1080 3067 1148 3154 (De
1171 3067 1322 3158 Angelis
1357 3069 1397 3138 P.
1422 3069 1515 3154 109).

272 3179 464 3256 Mauritius
486 3181 692 3252 De·B0nald
716 3183 751 3252 in
776 3185 845 3254 hcc
869 3203 939 3254 suo
977 3181 1162 3274 Opuscolo
1197 3182 1272 3273 agit
1294 3182 1339 3255 de
1363 3183 1506 3256 duabu·

177 3294 454 3388 quaestionibus
472 3297 573 3382 ¹circa
595 3297 864 3370 concordatum
887 3299 1015 3370 initum
1042 3320 1101 3369 an.
1128 3299 1227 3384 1801,
1247 3307 1281 3369 et
1305 3299 1378 3373 duo
1402 3322 1512 3394 quae·

179 3413 245 3487 rit:
274 3413 403 3482 tran
426 3411 651 3485 Gubernium
673 3413 853 3486 Gallicum
877 3415 1102 3486 successerit
1125 3415 1160 3486 in
1181 3415 1329 3504 juribus
1357 3416 1509 3488 Consuli

178 3527 379 3620 Napcleoni
405 3529 608 3603 concessis.
633 3533 683 3602 2.⁰
706 3533 763 3604 An
788 3555 834 3603 ex
860 3531 1115 3604 violationibus
1138 3529 1407 3604 Guberniorum
1426 3533 1511 3606 Gal-

179 3644 257 3715 liae·
274 3653 401 3736 posset
425 3644 589 3716 Pontifex
608 3647 749 3736 justam
773 3667 926 3719 causam
963 3647 1096 3724 habere
1128 3647 1320 3718 revocandi
1357 3647 1518 3720 concor-

179 3759 316 3850 datum,
343 3770 379 3833 et
403 3761 486 3835 huic
513 3763 715 3856 quaestioni
740 3763 935 3856 respondet
958 3763 1189 3852 affirmative,
1208 3763 1405 3856 pugnando
1430 3787 1515 3838 con-

179 3886 236 3948 tra
256 3878 469 3968 ,Regalistas
492 3880 551 3972 qui
576 3879 645 3951 nas
679 3881 941 3952 concessiones
979 3881 1104 3952 volunt
1140 3881 1419 3969 irrevocabiles,
1446 3901 1514 3954 seu

178 3993 432 4084 alienationes,
459 4002 495 4065 et
516 3995 564 4065 ait
588 3997 749 4068 revocari
772 3996 820 4069 ad
843 4005 973 4070 nutum
996 3997 1196 4069 Pontificis.

269 4110 551 4202 Respondemus
579 4112 686 4203 igitur
708 4113 902 4206 epistolam
927 4113 978 4183 Pii
1003 4113 1069 4186 IX.
1095 4113 1217 4207 quoad
1244 4113 1338 4184 hanc
1362 4114 1516 4188 solutio-

179 4247 264 4297 nem
289 4227 547 4330 Vicecomitis
568 4228 774 4301 De·Bonald
791 4229 1021 4302 nullomodo
1038 4250 1149 4322 posse
1169 4229 1276 4318 objici
1293 4237 1419 4301 contra
1433 4252 1515 4303 mu·

179 4358 279 4416 tuam
309 4343 564 4435 obligationem
602 4344 935 4435 Concordatorum,
972 4345 1167 4440 respondet
1205 4349 1299 4420 enirn
1334 4346 1381 4419 ad
1405 4369 1512 4420 suam

179 4461 431 4552 quaestionem
448 4461 666 4552 De·Bonald,
685 4463 951 4536 concordatum
968 4463 1095 4534 initum
1109 4463 1207 4534 1801.
1227 4465 1387 4536 revocari
1403 4483 1515 4555 posse

179 4576 227 4645 ad
249 4583 378 4647 nutum
402 4577 591 4663 Pontiliois¹
612 4599 656 4648 ex
672 4578 925 4652 violationibus
949 4577 1220 4652 Guberniorum
1243 4575 1392 4669 calliae,
1410 4577 1507 4672 quod

179 4698 236 4762 est
255 4693 362 4781 juxta
385 4702 552 4794 naturam
576 4693 736 4766 omnium
753 4701 1005 4768 contractuum
1028 4703 1064 4768 et
1082 4704 1282 4787 pactorum,
1310 4703 1350 4767 ut
1365 4703 1511 4786 pactum

179 4807 343 4892 solvatur
362 4791 556 4916 recedente
580 4831 654 4882 una
677 4817 778 4902 parte
803 4835 825 4882 a
848 4832 918 4892 sua
941 4811 1196 4903 promissione.
1230 4811 1327 4903 Ergo
1352 4813 1508 4890 Concor·
