4054 6322
562 719 609 792 76

464 893 689 964 revocandas
712 893 881 992 tenensi
907 895 1088 985 praefatae
1113 895 1353 984 particulares
1391 895 1685 966 circumstantiae
1714 917 1796 966 ces-

464 1019 559 1098 sent,
586 1011 641 1080 vel
666 1011 697 1080 si
724 1012 858 1082 bonum
875 1011 1070 1082 *Ecclesiae
1094 1011 1185 1080 istas
1217 1011 1480 1082 concessiones
1520 1013 1680 1103 amplius
1723 1033 1795 1082 non

465 1127 657 1216 permittat.

552 1243 797 1335 Quoadusque
837 1253 958 1316 tamen
993 1246 1233 1338 particulares
1255 1245 1549 1316 circumstantiae
1572 1246 1735 1337 exigant,
1763 1254 1797 1316 et

464 1362 599 1431 bonum
623 1361 807 1433 Ecclesiae
833 1362 1023 1454 permittat,
1053 1365 1231 1434 Summus
1256 1361 1419 1432 Pontifex
1446 1361 1686 1451 particulares
1704 1384 1790 1434 con·

462 1477 655 1548 cessiones
678 1478 760 1548 lacit
783 1485 818 1552 ct
833 1501 905 1550 non
930 1487 1098 1552 retractat
1123 1500 1170 1549 ex
1187 1478 1339 1569 sapienti
1366 1498 1436 1549 suo
1461 1477 1648 1570 regimine,
1679 1501 1789 1551 secus

463 1592 656 1686 aliquando
695 1617 740 1665 ex
776 1617 862 1668 vera
887 1597 1104 1668 necessitate
1141 1594 1297 1666 alicuius
1333 1593 1499 1664 Nationis
1540 1594 1594 1666 vel
1633 1595 1791 1666 alicuius

464 1710 655 1803 Principis,
683 1712 869 1783 Ecclesiae
892 1712 1153 1803 dispositiones
1176 1711 1211 1779 in
1252 1711 1313 1780 illa
1335 1712 1488 1800 llatlone
1524 1711 1793 1782 observantiam

464 1847 537 1896 non
563 1827 763 1920 reciperent
788 1851 832 1900 ex
856 1828 1158 1920 impossibilitate.

554 1943 588 2012 Si
613 1953 733 2014 autem
769 1954 898 2035 agatur
921 1945 966 2017 dc
990 1945 1230 2018 concessione
1262 1944 1354 2016 iacta
1379 1967 1400 2014 a
1424 1944 1598 2018 Pontificc
1637 1967 1710 2015 non
1752 1966 1796 2015 ex

465 2061 680 2131 necessitate
720 2063 992 2152 particularium
1030 2061 1384 2132 circumstantiarum
1424 2060 1581 2132 alicuius
1615 2060 1794 2152 Principis
1899 2123 1905 2134 .

465 2177 519 2246 vel
545 2177 710 2248 Nationis
734 2199 819 2250 cum
843 2179 1165 2269 compossibilitate
1202 2179 1285 2248 boni
1326 2177 1537 2268 spiritualis
1575 2174 1641 2248 sed
1664 2197 1708 2246 ex
1734 2199 1792 2247 ne·

461 2295 631 2364 cessitate
669 2295 810 2366 Summi
836 2295 1022 2365 Pontificis
1046 2315 1131 2365 cum
1155 2295 1276 2386 eliqua
1312 2293 1532 2366 remissione
1556 2314 1710 2364 suorum
1729 2294 1790 2380 ju·

464 2411 555 2481 rium
581 2409 627 2480 ad
651 2411 871 2482 removenda
895 2412 991 2482 mala
1016 2413 1157 2500 majora
1181 2432 1228 2482 ex
1252 2410 1530 2502 indispositione
1556 2431 1624 2482 seu
1649 2433 1693 2480 ex
1717 2411 1792 2480 ino·

465 2525 642 2597 bedientia
666 2527 845 2619 Principis
869 2529 925 2598 vel
950 2529 1129 2626 Nationis,
1170 2535 1256 2600 tunc
1291 2534 1390 2598 certe
1415 2527 1592 2598 Summus
1627 2525 1791 2597 Pontifex

466 2664 538 2712 non
564 2649 746 2714 teneretur
784 2665 1003 2716 conservare
1040 2665 1147 2715 suam
1186 2644 1476 2730 concessionem,
1503 2650 1539 2715 et
1563 2650 1688 2734 posset
1713 2663 1794 2712 eam

466 2779 638 2830 revocare
664 2761 723 2830 vix
748 2767 874 2850 posset
899 2759 1086 2830 Ecclesiae
1105 2761 1193 2848 jura
1216 2761 1305 2830 tueri
1333 2768 1458 2830 contra
1491 2758 1720 2830 invasionem
1739 2757 1798 2847 ju·

465 2874 558 2944 rium
583 2875 771 2946 Ecclesiae
796 2876 893 2946 illius
917 2875 1095 2967 Principis
1119 2877 1175 2946 vel
1200 2875 1378 2946 Nationis.

568 3046 643 3113 Art.
671 3043 710 3113 11.
734 3087 773 3096 -
790 3046 961 3118 ssuecrttur
985 3063 1026 3116 en
1049 3045 1253 3118 concocta
1276 3047 1342 3116 stnt
1365 3047 1469 3118 Pacta
1493 3005 1687 3118 bilaterette.
1797 3147 1803 3156 Ι

554 3214 747 3284 Praemitto
770 3214 1014 3285 definitionem
1054 3222 1264 3286 contractus
1289 3235 1357 3284 seu
1381 3213 1487 3306 pacti.
1515 3214 1553 3282 ln
1584 3234 1654 3284 sua
1688 3189 1797 3304 gene·

465 3333 526 3404 rali
554 3332 696 3402 notione
721 3339 866 3421 pactum
891 3351 959 3400 seu
982 3337 1191 3401 contractus
1216 3339 1293 3402 est:
1323 3332 1338 3369 “
1368 3331 1530 3402 Duorum
1546 3330 1599 3402 vel
1635 3329 1793 3420 plurium

468 3451 483 3488 ‘³
509 3449 543 3516 in
570 3447 663 3519 idem
687 3447 858 3537 placitum
882 3468 1090 3518 consensus
1117 3501 1148 3538 „.

554 3564 769 3634 Contractus
794 3585 862 3634 seu
887 3571 1031 3664 pactum
1056 3563 1239 3634 bilaterale
1263 3572 1340 3636 est:
1363 3563 1612 3636 “Contractus
1638 3562 1796 3655 quodue

466 3732 482 3768 „
508 3678 764 3751 contrahentes
788 3700 829 3749 se
853 3678 899 3748 ad
923 3679 1083 3749 dandum
1107 3679 1192 3772 quid
1216 3681 1271 3750 vel
1296 3679 1503 3752 laciendum
1528 3680 1688 3770 obligant
1707 3732 1736 3769 „.

552 3795 780 3867 Heineccius
809 3796 996 3866 Elementa
1020 3797 1120 3868 luris
1136 3796 1259 3867 Civilis
1284 3797 1488 3868 secundum
1507 3796 1670 3868 ordinem
1694 3796 1793 3866 insti·

463 3915 668 3984 tutionum:
697 3913 712 3950 “
740 3912 794 3982 vel
820 3912 961 4004 utrique
996 3913 1252 3985 contrahentes
1288 3937 1330 3984 se
1353 3915 1399 3986 ad
1422 3913 1582 3986 dandum
1618 3913 1704 4006 quid
1737 3915 1791 3984 vel

467 4026 711 4098 “laciendum
736 4027 905 4118 obligant,
932 4030 986 4098 vel
1012 4029 1182 4100 alteruter
1204 4037 1343 4102 tantum
1368 4031 1546 4120 obligatur
1560 4056 1568 4115 ;
1597 4029 1680 4100 hinc
1709 4053 1795 4102 con·

467 4147 482 4183 “
508 4152 645 4214 tractus
670 4145 705 4212 in
730 4144 933 4214 bilaterales
957 4154 993 4214 et
1017 4145 1250 4218 unilaterales
1276 4153 1370 4218 recte
1394 4146 1611 4218 dividuntur.
1631 4199 1646 4238 ῃ

553 4261 731 4332 Notamus
755 4261 953 4330 essentiam
977 4263 1068 4353 pacti
1093 4265 1147 4334 vel
1173 4271 1382 4334 contractus
1406 4265 1497 4334 inter
1520 4265 1615 4336 duos
1634 4265 1689 4337 vel
1716 4265 1796 4356 plu·

463 4397 524 4448 res
561 4398 648 4448 esse
680 4385 848 4446 mutuum
872 4399 1097 4450 consensum
1121 4380 1160 4448 in
1185 4379 1279 4451 idem
1304 4379 1498 4472 placitum,
1535 4381 1706 4475 quidquid
1743 4381 1791 4450 sit

463 4492 646 4580 obJ'ectum
670 4493 852 4583 placitum.

551 4607 660 4678 Hisce
685 4607 813 4698 positis
837 4609 1027 4681 veniamus
1050 4611 1096 4682 ad
1118 4612 1346 4707 questionem
1365 4585 1529 4686 :‘Utrum
1562 4615 1794 4688 Concordata

462 4724 533 4796 sint
556 4723 665 4794 Pacta
691 4722 900 4797 bilateralia.
