4054 6322
442 851 625 936 ¹5³2

488 1027 667 1098 Ministris
691 1035 726 1098 et
750 1027 972 1098 officialibus
996 1049 1088 1120 quae
1112 1027 1158 1098 sit
1181 1025 1393 1098 necessaria
1421 1047 1486 1118 pro
1524 1028 1619 1098 bono
1657 1028 1812 1121 publico,

485 1151 525 1214 ut
547 1144 665 1232 major
689 1151 855 1218 servetur
879 1143 1076 1216 auctoritas
1100 1144 1135 1212 in
1159 1143 1344 1214 Monaroa.
1372 1143 1416 1211 Et
1440 1142 1508 1214 hoc
1546 1149 1602 1214 est
1640 1151 1815 1237 tempera-

479 1269 642 1331 mentum
666 1284 712 1332 ex
735 1268 866 1332 natura
890 1260 1143 1332 necessarium
1167 1259 1201 1329 in
1227 1261 1412 1347 Monarca,
1438 1269 1473 1331 et
1496 1281 1570 1330 non
1592 1262 1814 1332 committen-

430 1391 436 1404 ·
478 1375 565 1450 dum
590 1375 786 1450 lallibilitati
812 1383 846 1448 et
869 1377 1105 1468 peccabilitati
1141 1377 1265 1460 unius,
1305 1397 1436 1466 nempe
1475 1376 1707 1465 Monarchae,
1749 1379 1814 1448 sed

480 1492 711 1565 statuendum
735 1493 773 1564 in
796 1463 1086 1586 ipsa'societatis
1109 1491 1378 1581 constitutione,
1405 1514 1490 1563 cum
1515 1493 1737 1565 sitsooietati
1755 1517 1814 1565 ne·

479 1611 697 1699 cessarium,
723 1619 866 1682 etcum
890 1633 934 1682 ex
958 1609 1285 1698 historiaconstet,
1323 1612 1359 1679 in
1399 1609 1468 1680 hoc
1506 1609 1731 1702 Imperantes
1769 1611 1813 1682 de

477 1727 570 1798 lacto
594 1749 784 1820 peccasse,
812 1729 846 1798 in
872 1727 1047 1799 electione
1071 1749 1202 1819 nempe
1227 1727 1475 1798 Ministrorum
1514 1735 1548 1796 et
1582 1727 1812 1814 officialium,

476 1845 617 1935 quales,
643 1851 678 1916 et
699 1852 786 1937 quot
810 1846 969 1938 requirat
993 1844 1129 1916 bonum
1153 1865 1359 1916 commune.

568 1961 705 2032 Pariter
728 1959 826 2033 aliud
849 1968 1174 2053 temperamentum
1199 1960 1432 2033 Monarchiae
1456 1959 1664 2052 ponendum
1682 1961 1715 2031 in
1732 1963 1813 2054 ipsa

480 2077 666 2148 societatis
687 2077 943 2150 constitutione
967 2077 1112 2169 respicit
1137 2079 1348 2150 relationem
1372 2078 1618 2150 Ministrorum
1636 2099 1720 2150 curn
1737 2080 1813 2150 Mo·

480 2195 1069 2287 na1·ca,patetenimexnatum
1103 2196 1187 2286 plus
1226 2194 1348 2266 videre
1387 2196 1513 2285 plures
1551 2215 1661 2286 quam
1683 2217 1810 2283 unum,

484 2311 566 2382 binc
589 2319 685 2403 patet
708 2313 744 2382 in
763 2311 913 2401 judiciis
936 2311 1212 2404 respicientibus
1238 2312 1372 2382 bonum
1396 2310 1583 2402 publicum
1599 2318 1635 2383 et
1649 2309 1812 2402 regimen

480 2429 680 2516 societatis,
706 2429 843 2501 sivein
868 2427 1207 2518 legibuslerendis,
1249 2429 1327 2498 sive
1359 2426 1583 2516 iudicandis,¹
1614 2429 1693 2500 sive
1731 2450 1814 2501 exe·

482 2547 649 2639 quandia,
676 2547 754 2619 sive
777 2545 1006 2638 generaliter,
1034 2546 1111 2616 sive
1135 2552 1169 2617 et
1192 2545 1305 2616 multo
1329 2552 1450 2636 magle
1474 2546 1510 2616 in
1533 2546 1683 2617 casibus
1708 2547 1813 2638 parti-

481 2664 680 2751 cularibuS,
706 2665 847 2754 Regem
863 2687 907 2733 ex
924 2660 1049 2733 ordine
1067 2663 1184 2754 ipsius
1201 2669 1352 2732 naturae
1376 2683 1449 2732 non
1466 2661 1597 2733 debere
1615 2663 1738 2753 ipsum
1754 2684 1813 2734 so·

481 2780 558 2850 lum
570 2779 747 2868 judicare,
765 2778 833 2850 etsi
850 2779 928 2870 ipse
951 2779 1105 2850 caeteris
1130 2778 1275 2870 praesit,
1304 2775 1370 2848 sed
1393 2775 1525 2848 debore
1541 2777 1693 2867 judicari
1707 2778 1813 2866 juxta

479 2903 605 2966 votum
627 2895 780 2984 majoris
803 2902 838 2965 et
862 2895 1020 2965 sanioris
1046 2894 1158 2984 partis
1182 2915 1310 2965 eorum
1336 2893 1395 2986 qui
1436 2894 1571 2986 populo
1610 2893 1812 2964 immediate

479 3017 665 3103 praesunt,
691 3018 726 3082 et
748 3011 793 3082 de
818 3009 939 3102 populi
965 3009 1120 3100 negotiis
1141 3009 1316 3100 judicant.
1344 3010 1491 3080 Certum
1515 3017 1571 3080 est
1598 3030 1728 3080 omnes
1744 3011 1813 3081 Re·

479 3149 548 3216 ges
571 3126 620 3198 uti
646 3126 867 3200 consiliariis
891 3126 937 3197 ad
956 3126 1265 3220 judicandum-de
1291 3125 1385 3196 bono
1423 3125 1579 3216 publico,
1620 3133 1740 3195 tamen
1780 3125 1811 3196 si

478 3240 689 3314 Monarchia
712 3242 758 3314 sit
781 3243 950 3314 absoluta
980 3243 1131 3314 libertati
1170 3242 1283 3332 Regis
1323 3241 1555 3312 committitur
1593 3241 1812 3312 consiliariis

479 3359 528 3432 uti
554 3359 609 3430 vel
633 3382 718 3430 non.
746 3360 927 3445 Iamvero,
953 3359 1021 3451 ipsi
1054 3361 1177 3450 Reges
1204 3366 1290 3428 sunt
1317 3356 1484 3428 fallibiles
1519 3366 1552 3430 et
1592 3357 1808 3448 peccabiles,

477 3497 551 3547 non
574 3497 662 3566 ergo
687 3497 813 3548 eorum
837 3475 987 3546 libertati
1012 3476 1079 3546 erit
1102 3473 1411 3560 committendum,
1437 3473 1504 3544 sed
1529 3473 1563 3544 in
1588 3473 1681 3564 ipsis
1719 3475 1812 3544 Con·

479 3591 725 3663 stitutionibus
749 3591 984 3663 statuendum
1007 3591 1104 3684 quod
1128 3599 1184 3663 est
1207 3591 1457 3662 necessarium
1481 3591 1517 3659 in
1554 3589 1739 3675 societate,
1777 3595 1813 3658 et

479 3706 523 3777 de
547 3713 677 3778 natura
700 3708 818 3798 ipsius
842 3706 980 3778 ordinis
1004 3707 1163 3796 socialis,
1190 3707 1328 3778 scilicet
1351 3706 1447 3799 quod
1460 3705 1642 3795 judicium
1655 3705 1811 3782 debono

479 3823 661 3892 communi
687 3823 926 3894 commissum
951 3825 999 3894 sit
1022 3824 1140 3894 oculis
1165 3824 1322 3914 plurium
1347 3823 1467 3915 potius
1491 3844 1601 3917 quam
1620 3823 1742 3908 onina,
1759 3821 1809 3890 ite

480 3945 518 4007 ut
537 3937 716 4026 judicium
755 3939 790 4008 in
829 3939 984 4030 publicis
1023 3939 1178 4029 negotiis
1215 3940 1366 4010 resultet
1389 3960 1434 4010 ex
1457 3939 1645 4028 majori-et
1669 3936 1805 4007 saniori

479 4062 578 4145 parte
602 4075 731 4125 corum
753 4055 814 4146 qui
839 4054 973 4146 populo
998 4063 1174 4146 praesunt
1197 4054 1300 4126 etde
1329 4055 1450 4146 populi
1493 4054 1645 4144 negotiis
1684 4073 1811 4124 curam

479 4167 622 4308 babent.

568 4340 781 4413 A1·t.lll.-
799 4345 842 4416 tto
865 4346 1072 4436 qualitatibus
1094 4346 1229 4418 Formae
1252 4343 1487 4432 Ronarotlcae,
1511 4345 1547 4414 et
1570 4343 1722 4432 quomodo

477 4455 591 4529 Forma
614 4458 817 4532 Ronarcbioo
839 4455 1014 4550 tbmperarl
1038 4463 1155 4534 debeat
1170 4464 1204 4532 ut
1220 4461 1367 4534 caeterle
1382 4459 1505 4532 Formis
1520 4460 1565 4530 ott
1581 4457 1808 4547 praeferenda.

568 4627 605 4699 ln
630 4627 815 4700 Gubernio
839 4629 1072 4702 Monarchico
1100 4631 1251 4702 Ministri
1278 4637 1313 4700 et
1335 4630 1536 4721 Optimates
1558 4628 1739 4702 ordinarie
1755 4653 1813 4702 re·

479 4745 597 4816 sidant
620 4746 655 4816 in
681 4746 821 4818 civitate
846 4747 905 4819 ubi
930 4746 1064 4817 residet
1086 4749 1179 4835 Rex,
1217 4769 1334 4840 neque
1370 4746 1429 4818 alii
1466 4746 1651 4836 eliguntur
1685 4748 1811 4817 imme·

477 4859 571 4936 dieta
594 4861 641 4948 ad
663 4861 943 4954 gubernandum
966 4870 1052 4956 quot
1075 4863 1167 4936 aliae
1190 4864 1307 4958 Regni
1331 4863 1502 4955 regiones
1526 4870 1561 4936 et
1576 4864 1737 4936 civitates
1754 4883 1811 4935 re-
