4054 6322
624 817 672 890 30

619 991 779 1084 Insuper
799 989 979 1079 judicium
1003 988 1174 1082 Episcopi
1199 995 1256 1060 est
1279 987 1430 1062 secundi
1456 986 1606 1076 ordinis,
1631 997 1666 1060 et
1681 989 1859 1080 subjcitur

521 1109 662 1199 judicio
686 1109 827 1182 Summi
852 1107 1048 1179 pontilicis.
1074 1104 1238 1178 Tandem
1260 1128 1333 1176 non
1357 1112 1413 1176 est
1429 1105 1534 1176 facile
1558 1105 1779 1198 Episcopus
1803 1119 1855 1180 ut·

527 1241 609 1320 pote
634 1225 668 1296 in
695 1225 954 1316 temporalibus
972 1222 1140 1295 subditus
1156 1221 1282 1314 Regis,
1304 1220 1435 1293 habeat
1451 1243 1533 1292 eam
1549 1223 1749 1294 libertatem
1765 1247 1856 1318 quae

528 1365 593 1435 pro
613 1341 752 1430 judicio
771 1343 874 1430 justo
900 1341 1111 1412 necessaria
1133 1348 1202 1410 ost.

615 1459 786 1530 Doctrina
809 1457 854 1530 de
878 1458 1060 1528 potestate
1095 1455 1268 1528 indirecta
1307 1455 1495 1528 Ecclesiae
1520 1457 1555 1526 in
1585 1459 1852 1549 temporalibus,

525 1574 734 1666 generalius
757 1574 908 1646 traditur
931 1573 968 1641 in
981 1573 1123 1645 celabri
1138 1573 1404 1652 Constitutione
1427 1573 1602 1644 Bonifacii
1619 1573 1715 1643 VlIl.
1735 1575 1856 1646 Unam

525 1701 705 1780 sanctam,
731 1693 766 1762 in
790 1713 863 1783 qua
897 1690 1113 1782 praesertim
1138 1689 1227 1761 haec
1249 1688 1438 1760 attendas:
1469 1691 1651 1782 “Oportet
1688 1691 1854 1781 gladium

528 1813 543 1850 “
570 1830 656 1881 esse
679 1809 750 1880 sub
773 1807 907 1904 gladic,
934 1815 968 1878 et
992 1808 1230 1898 temporalem
1253 1809 1505 1878 auctoritatem
1530 1807 1707 1899 spirituali
1736 1808 1852 1898 subjci

527 1929 543 1968 ‘⁴
569 1925 748 2018 potestati.
775 1926 871 1996 Nam
895 1945 980 1996 cum
1002 1923 1097 1994 dicat
1120 1923 1322 2016 Apostolus
1341 1947 1349 1989 :¹
1375 1946 1448 1993 non
1472 1935 1528 1994 est
1553 1931 1716 2016 potestas
1738 1923 1807 1994 nisi
1833 1948 1855 1994 a

527 2046 543 2084 “
570 2043 657 2122 Deo,
674 2065 768 2134 quae
783 2049 905 2116 eutem
923 2050 1008 2112 sunt
1024 2067 1046 2112 a
1061 2041 1136 2112 Deo
1154 2041 1351 2113 ordinatae
1364 2049 1461 2138 sunt,
1482 2062 1556 2112 non
1580 2049 1702 2113 autem
1726 2051 1852 2114 essent

528 2163 543 2200 “
570 2160 767 2249 ordinatae,
793 2159 863 2230 nisi
886 2159 1033 2250 gladius
1057 2167 1158 2230 esset
1182 2161 1251 2229 sub
1275 2159 1396 2250 gladio
1421 2168 1594 2250 tanquam
1633 2149 1779 2230 inferior
1802 2181 1856 2232 re·

529 2279 545 2316 ‘⁸
571 2275 766 2350 duceretur
788 2297 853 2368 per
875 2277 984 2346 alium
1009 2277 1045 2346 in
1069 2296 1284 2368 suprema...
1306 2276 1404 2366 Ergo
1429 2275 1460 2344 si
1485 2274 1606 2348 deviat
1628 2284 1771 2346 terrena
1795 2277 1856 2367 po·

528 2395 544 2432 “
569 2401 697 2480 testas,
719 2392 939 2481 judicabitur
964 2415 986 2464 a
1010 2399 1187 2484 potestate
1212 2392 1377 2484 spiritali,
1403 2385 1469 2463 sed
1493 2393 1524 2462 si
1548 2391 1669 2464 deviat
1686 2392 1857 2483 spiritalis

528 2513 544 2549 ‘²
570 2510 714 2600 minor,
740 2533 763 2581 a
798 2532 868 2581 suo
904 2510 1117 2602 superiore,
1143 2510 1286 2584 sivero
1318 2529 1538 2600 supremae
1562 2508 1642 2580 solo
1681 2511 1757 2580 Deo
1762 2557 1854 2577 .......

528 2629 543 2666 ‘¹
570 2628 685 2699 Porro
709 2627 867 2710 subesse
894 2627 1060 2697 Romano
1085 2625 1246 2696 Pontifici
1272 2627 1369 2696 omni
1394 2627 1576 2697 humanae
1585 2633 1774 2697 creaturae
1797 2625 1855 2695 de·

528 2745 543 2781 ‘⁸
568 2743 767 2833 claramus,
784 2741 953 2832 dicimus,
966 2741 1175 2828 delinimus,
1194 2751 1228 2812 et
1245 2741 1532 2832 pronunciamus
1546 2741 1694 2812 omnino
1710 2761 1799 2812 essa
1813 2741 1857 2812 de

509 2843 544 2897 '⁶‘
571 2857 787 2930 necessitate
813 2857 944 2929 salutis
962 2910 993 2948 ,.

614 2975 703 3046 Haec
721 2973 936 3048 constitutio
960 2973 1132 3067 Bonilacii
1160 2973 1251 3045 Vlll.
1279 2974 1374 3044 mele
1398 2973 1463 3044 luit
1486 2973 1728 3065 interpretata,
1747 2973 1856 3045 veluti

524 3091 556 3162 si
580 3092 807 3166 asseruisset
829 3091 999 3182 Regnum
1023 3093 1260 3180 Francorum,
1286 3111 1373 3162 esse
1396 3089 1516 3182 aliquo
1540 3088 1657 3179 gradu
1674 3089 1858 3160 laudalita·

526 3207 571 3277 tis
595 3229 664 3279 seu
687 3207 858 3298 specialis
882 3206 1062 3279 fidelitatis
1095 3205 1307 3298 temporalis
1342 3204 1552 3296 dependens
1576 3229 1598 3275 a
1622 3205 1659 3275 S.
1687 3204 1793 3294 Sede,
1819 3213 1858 3276 ut

523 3325 691 3413 Regnum
715 3322 856 3406 Siciliae
884 3323 940 3394 vel
963 3322 1129 3413 Angliae,
1171 3321 1253 3392 binc
1293 3329 1420 3394 secuta
1444 3329 1500 3392 est
1535 3319 1702 3392 eiusdem
1742 3320 1858 3412 Regis

524 3447 648 3530 aperta
672 3439 831 3526 rebellia,
856 3439 914 3532 qui
942 3438 1166 3510 Bonilacium
1206 3439 1346 3508 vocavit
1371 3437 1624 3526 Malelacium,
1662 3437 1858 3508 declararit

525 3553 658 3627 falsum
680 3556 828 3646 Papam,
855 3575 1048 3648 eumquem
1072 3553 1169 3646 apud
1194 3553 1373 3625 Ananiam
1398 3555 1581 3646 captivum
1604 3553 1699 3626 lecit.

613 3670 776 3774 Tandem
800 3671 970 3742 Clemens
987 3673 1032 3740 V.
1050 3671 1310 3742 Constitutione
1343 3671 1474 3742 llleruit
1496 3669 1694 3742 declaravit
1711 3670 1746 3740 in
1765 3669 1859 3740 Con·

525 3785 708 3856 stitutione
722 3786 893 3858 Boniiacii
909 3787 1000 3858 Vlll.
1018 3786 1114 3880 loqui
1126 3787 1171 3858 de
1184 3793 1364 3878 potestate
1377 3785 1550 3858 indirecta
1566 3787 1748 3859 ordinaria
1764 3807 1858 3879 quae

524 3910 582 3974 est
604 3903 768 3974 exactiva
791 3902 827 3974 in
851 3925 912 3982 res
936 3904 1166 3995 temporales,
1186 3903 1268 3986 hinc
1292 3925 1356 3994 per
1379 3924 1461 3974 earn
1484 3923 1556 3974 non
1581 3923 1667 3974 esse
1691 3903 1858 3974 imminu·

524 4026 599 4089 tam
623 4019 823 4092 libertatem
847 4017 965 4110 Regni
991 4018 1178 4092 Franciae.

835 4190 912 4262 Art.
941 4189 1000 4259 lV.
1021 4224 1058 4236 -
1075 4191 1118 4263 lte
1142 4191 1317 4280 Prlnclpun
1340 4169 1549 4280 depoalllone.

488 4363 490 4368 ’
613 4361 754 4432 Novem
789 4360 919 4434 accidit
958 4361 1097 4432 vicibus
1132 4361 1371 4451 Imperatores
1412 4361 1468 4430 vel
1510 4363 1633 4452 Reges
1671 4361 1858 4453 depositos

523 4479 653 4566 luisse,
667 4485 730 4548 aut
741 4477 883 4550 solutos
895 4476 1053 4568 populos
1063 4479 1109 4548 ab
1127 4475 1381 4565 obedientia,a
1403 4477 1580 4568 Gregorio
1602 4476 1646 4546 lI.
1666 4499 1762 4548 anno
1777 4481 1857 4548 731.

525 4592 757 4666 interdicente
782 4591 880 4664 ltalis
904 4593 1047 4664 solvere
1072 4591 1260 4686 vectigalia
1285 4592 1448 4681 Graecis,
1474 4592 1522 4664 ad
1544 4593 1701 4666 Paulum
1726 4595 1771 4664 V.
1796 4595 1857 4688 qui

524 4707 704 4784 interdixit
729 4709 906 4782 Venetam
931 4710 1218 4800 Rernpublicem,
1236 4716 1272 4781 et
1286 4715 1426 4781 tantum
1442 4710 1479 4780 in
1491 4708 1637 4782 duobus
1662 4711 1859 4801 postremis

522 4824 672 4900 casibus
696 4824 875 4904 sententia
899 4824 1084 4898 Pontificis
1108 4825 1276 4900 effectum
1300 4847 1413 4900 suum
1436 4825 1562 4898 sortita
1586 4847 1659 4898 non
1683 4835 1751 4902 est.
