4054 6322
641 817 686 889 18

536 987 684 1080 delerat,
725 997 760 1060 et
796 987 946 1082 proinde
985 989 1066 1060 eius
1104 990 1262 1061 maxime
1290 986 1429 1060 intersit
1453 1009 1535 1060 eam
1558 988 1753 1076 sustinere,
1780 985 1877 1080 quod

537 1106 824 1177 emolumentum
847 1125 1022 1194 magnum
1047 1105 1162 1176 estin
1187 1106 1370 1191 societate,
1398 1104 1543 1195 publica
1566 1104 1672 1196 quies
1695 1123 1828 1194 nempe
1845 1111 1879 1174 et

538 1219 719 1292 securitas
742 1221 777 1291 in
803 1220 1042 1291 relationibus
1066 1219 1414 1310 internetionalibus,
1440 1228 1474 1289 et
1499 1221 1535 1290 in
1559 1221 1690 1313 quovis
1714 1219 1876 1310 periculo

539 1339 665 1410 sociali
689 1335 786 1430 quod
802 1335 847 1405 ab
872 1336 1043 1408 hostibus
1067 1337 1221 1407 eveniat.

627 1440 786 1524 Facilius
824 1460 948 1524 autem
982 1460 1051 1542 est,
1078 1452 1223 1524 obtenta
1246 1454 1441 1526 securitate
1482 1461 1646 1542 externa,
1686 1451 1875 1544 providere

540 1567 793 1661 impartialitati
817 1577 851 1640 et
869 1568 1032 1657 justitiae
1056 1567 1091 1637 in
1115 1568 1271 1659 negotiis
1295 1569 1447 1640 internis
1472 1592 1537 1661 pro
1561 1571 1656 1640 bono
1677 1568 1877 1656 communi,

539 1706 648 1779 quam
671 1685 815 1756 obtenta
839 1685 1102 1777 impartialitate
1127 1685 1163 1752 in
1187 1685 1344 1773 negotiis
1369 1685 1521 1756 internis
1532 1685 1683 1774 civium,
1715 1685 1879 1756 obtinere

500 1865 503 1872 ,
539 1803 696 1895 quietem
719 1810 754 1872 et
777 1802 1010 1892 securitatem
1033 1801 1078 1870 ab
1103 1800 1271 1872 hostibus
1309 1806 1484 1890 externis,
1525 1809 1560 1872 et
1597 1803 1645 1872 ita
1685 1801 1880 1872 relationes

540 1919 835 1991 internetionales
858 1938 1019 2007 servare,
1045 1925 1084 1988 ut
1107 1939 1240 1990 secura
1263 1919 1309 1988 sit
1333 1919 1476 2010 publica
1499 1904 1615 2010 quies.
1653 1917 1879 2008 Praecipuus

541 2056 671 2126 nempe
695 2035 779 2107 finis
803 2042 837 2106 et
861 2035 1020 2105 maxime
1044 2035 1296 2104 consulendus
1320 2043 1376 2104 est
1399 2035 1578 2105 securitas
1617 2036 1661 2104 ab
1701 2033 1876 2122 externiS,

541 2172 634 2244 quae
658 2159 714 2221 est
737 2151 897 2222 maxime
921 2149 1089 2242 difficilis,
1108 2160 1143 2222 et
1166 2151 1359 2242 requiritur
1398 2160 1437 2220 ut
1474 2149 1750 2220 fundamentum
1787 2149 1879 2217 bono

529 2268 730 2359 communi
749 2267 786 2336 in
809 2266 965 2357 negotiis
989 2266 1152 2354 interula,
1177 2265 1274 2360 quod
1299 2274 1356 2336 est
1378 2265 1550 2336 facilioris
1574 2267 1754 2336 obtentus.

633 2382 794 2474 Corpora
817 2383 1125 2475 repraesentativa
1148 2382 1271 2477 utique
1307 2391 1463 2474 possunt
1496 2381 1631 2472 eligere
1670 2401 1785 2454 unum
1823 2381 1878 2451 vel

542 2521 681 2592 paucos
704 2521 770 2592 pro
796 2501 950 2590 negotiis
973 2499 1285 2588 extraordinariis,
1312 2499 1378 2570 sed
1400 2501 1484 2592 quis
1518 2501 1584 2568 erit
1622 2499 1671 2568 ita
1709 2507 1878 2568 versatus

541 2618 577 2686 in
602 2617 755 2707 publicis
778 2617 935 2708 negotiis
959 2617 1009 2686 uti
1035 2619 1115 2688 Rex
1125 2618 1151 2702 l,
1178 2637 1264 2688 oum
1287 2637 1395 2686 namo
1419 2614 1465 2686 ad
1489 2617 1651 2706 regimen
1696 2615 1878 2686 sustinen-

541 2733 629 2804 dum
653 2735 688 2802 in
713 2733 867 2824 publicis
890 2733 1155 2804 calamitatibus
1180 2755 1265 2803 sese
1290 2732 1469 2824 disponat,
1496 2731 1562 2802 sed
1586 2733 1707 2824 potius
1730 2730 1778 2802 ad
1815 2729 1875 2800 de-

541 2849 762 2938 clinandum,
788 2871 874 2921 cum
899 2851 1040 2921 nullum
1067 2849 1397 2921 extraordinarium
1435 2849 1723 2920 emolumenturn
1762 2847 1794 2919 ai
1834 2846 1879 2915 sit

542 2976 703 3058 tempore
727 2967 857 3059 pacis?
880 2967 970 3047 Quis
993 2948 1179 3040 exercitus
1206 2967 1421 3037 ordinationi
1461 2965 1676 3058 praesertim
1715 2973 1878 3054 tempora

542 3083 624 3156 belli
648 3085 697 3155 ita
720 3082 917 3176 providebit
939 3085 990 3154 uti
1013 3087 1104 3173 Rex,
1130 3105 1216 3154 cum
1240 3084 1309 3174 ipsi
1345 3084 1391 3152 sit
1429 3083 1587 3153 maxima
1626 3085 1806 3152 securitas
1844 3087 1879 3149 et

541 3202 742 3274 maximum
765 3201 1051 3274 emolumentum
1074 3202 1107 3273 si
1131 3201 1313 3275 exercitus
1339 3200 1386 3270 sit
1411 3202 1501 3272 bene
1536 3199 1753 3270 ordinatus?
1791 3195 1879 3276 Quis

542 3319 652 3388 vitam
675 3339 783 3389 suam
806 3319 855 3388 ita
877 3327 1033 3411 exponet
1048 3307 1121 3410 'pro
1146 3319 1289 3410 publica
1312 3315 1522 3388 defensione
1548 3317 1598 3387 uti
1624 3317 1702 3386 Rex
1726 3316 1787 3385 cui
1805 3335 1880 3384 ma·

542 3437 682 3507 ximum
704 3435 992 3507 emolumentum
1015 3443 1072 3507 est
1096 3445 1258 3527 tempore
1283 3435 1415 3526 pacis?
1438 3435 1561 3505 Duces
1600 3431 1794 3526 aliquando
1828 3433 1880 3500 in·

544 3553 748 3625 servierunt
770 3553 936 3644 pluribus
961 3553 1136 3642 Regibus,
1162 3552 1319 3624 diversis
1343 3551 1501 3642 populis,
1527 3549 1722 3644 aliquando
1739 3556 1880 3620 contra·

545 3671 608 3741 riis
621 3699 639 3760 ;¹
656 3670 850 3764 aliquando
874 3691 960 3742 sese
982 3670 1160 3742 dederunt
1184 3669 1363 3759 hostibus,
1390 3669 1474 3761 quia
1497 3689 1586 3740 cura
1611 3667 1681 3736 illis
1716 3688 1787 3736 non
1805 3672 1880 3735 crat

544 3813 566 3861 a
589 3793 665 3862 Deo
689 3790 774 3861 data
795 3811 860 3880 pro
886 3791 979 3859 bono
1004 3789 1189 3859 societatis
1213 3788 1263 3857 uti
1287 3787 1465 3876 Regibus„
1492 3786 1540 3856 ita
1564 3794 1603 3856 ut
1634 3785 1880 3855 indifferenter

545 3910 608 3980 uni
631 3909 688 3977 vel
710 3907 811 3978 alteri
837 3907 970 3998 populo
993 3905 1236 3993 inservierint,
1264 3924 1330 3974 nec
1355 3903 1403 3972 illi
1427 3923 1517 3972 cura
1533 3903 1642 3972 fuerit
1660 3902 1779 3990 magis
1797 3901 1878 3968 boni

545 4026 657 4096 unius
679 4046 787 4117 quam
810 4023 972 4111 alterius,
996 4023 1081 4115 quia
1105 4023 1228 4112 Reges
1250 4025 1322 4092 non
1348 4028 1461 4090 erant.
1503 4019 1596 4088 Hine
1635 4019 1767 4088 Forma
1805 4015 1882 4084 Mo-

547 4141 717 4213 narchica
751 4141 904 4211 multum
929 4137 1166 4231 praeferenda
1201 4146 1258 4208 est
1297 4140 1449 4207 Formae
1489 4133 1757 4225 Polyarchicae,
1796 4132 1882 4223 quia

445 4292 451 4303 ’
546 4282 636 4332 cura
660 4260 741 4330 boni
765 4259 972 4330 communis
996 4255 1176 4348 dependet
1199 4277 1222 4325 a
1246 4277 1334 4326 cura
1359 4254 1441 4324 boni
1465 4251 1608 4344 privati,
1634 4249 1731 4344 quod
1747 4249 1783 4320 in
1812 4250 1882 4316 Re-

546 4380 655 4470 gibus
692 4384 748 4448 est
785 4377 997 4465 maximum,
1022 4375 1107 4468 quie
1131 4373 1331 4442 maximum
1355 4369 1490 4440 bonum
1515 4367 1659 4454 habent,
1700 4375 1734 4436 et
1773 4384 1882 4436 nemo

547 4498 652 4570 adest
674 4499 765 4568 inter
787 4501 1105 4588 repraesentantes
1129 4493 1190 4580 qui
1214 4490 1345 4560 babeat
1368 4489 1437 4559 hoc
1465 4487 1601 4559 bonum
1626 4485 1833 4556 maximum.
