4054 6322
1039 737 1048 787 ²
1338 775 1382 847 ιι
1484 826 1487 834 .

143 950 328 1020 resultans
350 969 397 1021 ex
421 951 585 1021 omnium
608 957 691 1022 voto
715 952 761 1021 sit
785 971 912 1022 revera
936 951 1073 1022 bonum
1097 969 1302 1021 commune.
1331 950 1481 1042 Exque

141 1073 291 1156 apparet
311 1065 769 1157 formampolyarchicam,
795 1069 932 1137 ratione
957 1065 1185 1158 perfectioris
1209 1066 1471 1154 discussionis,

144 1180 428 1271 ponderationis,
454 1190 489 1252 et
512 1165 782 1253 deliberationis
806 1203 893 1253 esse
916 1179 1201 1274 praeferendam.

233 1297 294 1368 lsti
317 1299 376 1391 qui
401 1297 522 1369 favent
545 1297 698 1370 Formae
723 1298 979 1388 Polyarobicae
1002 1297 1224 1390 respondent
1247 1298 1293 1367 ad
1332 1297 1480 1368 effatum

145 1415 161 1452 ι
187 1413 275 1484 dum
299 1415 438 1484 Romae
461 1414 666 1486 consulitur
688 1414 894 1504 Saguntum
919 1421 1149 1504 expugnatur
1167 1467 1181 1502 „
1201 1413 1298 1505 quod
1315 1421 1481 1505 prompta

143 1529 275 1600 solutio
299 1539 333 1599 et
357 1529 526 1600 executio
549 1530 806 1623 quaestionum
830 1551 902 1599 non
927 1537 982 1600 est
1005 1531 1218 1601 necessaria
1242 1549 1308 1620 pro
1325 1531 1481 1620 negotiis

143 1643 350 1734 ordinariiS,
376 1645 442 1718 sed
467 1647 588 1738 potius
610 1654 754 1717 matura
777 1644 986 1718 deliberatio
1010 1646 1232 1744 requiratur3
1268 1667 1331 1736 pro
1370 1667 1481 1735 nego-

143 1759 202 1830 tiis
226 1783 312 1834 vero
336 1761 647 1849 extraordinariis,
674 1761 889 1853 praesertim
913 1761 1078 1835 externis
1114 1783 1183 1836 seu
1223 1762 1481 1832 internetiona·

143 1876 250 1966 libus,
271 1879 373 1969 ipsos
397 1887 714 1969 repraesentantes
739 1899 851 1970 posse
875 1879 1096 1951 constituere
1120 1899 1247 1962 unum,
1267 1880 1323 1949 vel
1341 1897 1481 1970 paucos

142 1992 188 2061 ad
204 1996 349 2084 negotia
373 1993 657 2066 extraordinaria
681 1995 856 2067 solvenda
879 2017 973 2088 quae
997 1996 1182 2089 requirant
1222 1995 1480 2086 promptiorem

145 2110 407 2181 executionem.

231 2224 281 2294 llll
306 2226 367 2318 qui
391 2226 512 2297 favent
537 2229 689 2297 Formae
716 2226 969 2299 lllonarcbicao
993 2220 1127 2319 pariter
1151 2228 1347 2298 observant
1371 2248 1481 2317 nego·

142 2341 190 2411 tia
214 2341 358 2431 publica
382 2363 449 2412 seu
474 2344 771 2432 internetionalia,
793 2346 1006 2434 praesertim
1028 2353 1190 2435 tempore
1226 2343 1321 2428 belli,
1362 2344 1479 2436 requi-

143 2477 221 2529 rere
244 2459 406 2530 citiorem
430 2461 692 2531 executionem.
718 2461 843 2541 Quoad
881 2463 1028 2552 negotia
1065 2469 1187 2532 autem
1227 2461 1375 2544 interna,
1412 2481 1480 2532 seu

141 2572 262 2666 quoad
285 2575 421 2646 bonum
445 2597 640 2646 commune
664 2579 851 2648 resultans
882 2570 930 2648 ex
969 2577 1075 2648 bonis
1114 2577 1394 2668 particularibus
1433 2577 1481 2645 ci·

145 2693 241 2760 vium
265 2692 299 2760 in
325 2691 605 2784 particularibus
629 2694 796 2783 negotiis,
823 2710 935 2784 posse
960 2693 1099 2782 Regem
1138 2693 1284 2784 negotia
1318 2693 1480 2762 commit-

140 2817 217 2878 tere
241 2807 382 2896 corpori
407 2810 770 2897 repraesentantium,
795 2817 831 2878 et
854 2809 902 2878 ita
941 2809 1103 2879 obtinere
1142 2809 1252 2879 finem
1291 2808 1480 2900 perfectio·

141 2925 192 2992 ris
215 2921 473 2994 discussionis.
500 2923 592 2994 Hinc
616 2925 792 3019 estquod
816 2925 1006 2996 conclusio
1031 2926 1079 2994 ita
1103 2925 1211 3012 venit,
1238 2933 1278 2996 ut
1302 2927 1379 2996 sive
1405 2945 1479 2995 una

140 3040 217 3109 sive
241 3041 355 3110 altera
379 3039 495 3110 forma
519 3041 635 3131 possit
660 3043 706 3112 ita
730 3043 937 3133 temperari,
964 3049 1005 3111 ιιι
1043 3041 1180 3111 ιιοιιιιιιι
1211 3041 1367 3112 obtineat
1405 3062 1478 3134 quo

140 3157 257 3226 altera
294 3153 450 3242 excellit,
475 3161 522 3225 ita
557 3165 596 3227 ιιι
620 3165 655 3227 et
679 3157 855 3230 Monarca
885 3179 952 3250 per
975 3165 1294 3249 repraesentantes
1319 3158 1479 3228 obtineat

141 3272 336 3362 perlectam
359 3269 668 3360 deliberationem,
693 3281 727 3344 et
751 3261 991 3366 impartialen'r
1007 3273 1226 3344 solutionem
1243 3274 1474 3364 negotiorum

140 3389 285 3478 civium,
312 3397 347 3460 et
370 3409 525 3481 corpora
546 3393 857 3481 repraesentativa
880 3413 944 3483 per
960 3393 1175 3461 electionem
1191 3395 1302 3461 unius
1318 3392 1374 3462 vel
1391 3411 1479 3483 pau-

141 3527 270 3576 corum
296 3506 483 3578 obtineant
507 3508 680 3577 unitatem
693 3517 727 3578 et
740 3507 1057 3600 promptitudinem
1071 3529 1137 3598 pro
1148 3509 1305 3598 negotiis
1317 3515 1479 3579 extraor-

139 3621 291 3692 dinariis
316 3625 531 3714 praesertim
555 3624 710 3715 publicis
734 3625 789 3700 vel
815 3625 1164 3696 internetionalibus.

230 3739 267 3809 ln
293 3741 425 3810 Forma
450 3739 682 3810 Monarchica
704 3742 824 3832 magis
847 3740 1055 3832 providetur
1078 3741 1235 3831 negotiis
1274 3741 1480 3812 internatio·

141 3855 283 3924 nalibus
308 3875 375 3926 seu
400 3855 564 3947 publicae
590 3857 787 3945 securitati,
806 3877 955 3949 corpora
970 3859 1066 3927 enirn
1084 3859 1389 3949 repraesentativa
1405 3877 1478 3928 non

140 3970 230 4040 satis
254 3971 444 4061 provident
470 3973 564 4042 bono
587 3973 732 4064 publico
757 3987 922 4062 externo,
947 3973 1087 4045 nullius
1109 3975 1207 4044 enim
1246 3995 1294 4044 ex
1334 3995 1479 4064 reprae-

140 4087 368 4156 sentantibus
393 4089 440 4157 ita
464 4089 615 4160 interest
639 4091 820 4160 securitas
843 4099 950 4183 atque
973 4089 1138 4162 defensio
1162 4111 1319 4161 coronae
1343 4100 1383 4162 ut
1407 4091 1478 4160 Re·

138 4203 197 4292 gis
220 4203 351 4293 ipsius,
378 4225 485 4274 nemo
509 4227 557 4278 ex
580 4207 941 4297 repraesentantibus
964 4207 1013 4278 ita
1037 4208 1195 4278 consulit
1219 4207 1403 4278 securitati
1445 4213 1479 4276 et

138 4321 381 4410 tranquillitati
405 4319 563 4392 coronae
587 4323 638 4392 uti
662 4323 743 4394 Rex
766 4324 828 4414 qui
850 4322 964 4395 defert
988 4345 1173 4412 coronam,
1200 4332 1236 4395 st
1258 4325 1340 4396 eius
1374 4323 1478 4392 Mini-

139 4437 204 4508 stri
228 4439 455 4510 sustinentes
478 4459 664 4511 coronam.
690 4440 784 4512 Hinc
800 4441 966 4532 publicae
982 4442 1168 4514 securitati
1185 4442 1304 4532 magis
1317 4440 1476 4512 consulit

137 4551 299 4642 regimen
322 4554 598 4626 monarchicum
620 4577 729 4648 quam
752 4556 1024 4649 polyarchicum
1048 4564 1194 4651 propter
1217 4558 1384 4629 ultimam
1425 4581 1479 4628 ra·

137 4669 272 4740 tionem
293 4667 499 4761 adductam,
524 4670 622 4763 quod
646 4693 908 4766 nempenemo
932 4695 979 4746 ex
1014 4675 1376 4766 repraesentantibus
1416 4675 1476 4764 sit,

136 4785 187 4854 uti
211 4785 304 4875 Rex,
329 4785 501 4860 defensor
523 4789 575 4860 rei
599 4790 764 4881 publicae
788 4811 857 4862 seu
881 4788 1059 4882 Coronae,
1085 4813 1170 4863 cum
1194 4813 1368 4864 coronam
1399 4792 1479 4886 ipse
