4054 6322
577 844 623 916 ll

478 1040 499 1088 a
523 1017 627 1090 Statu
651 1017 687 1088 in
714 1017 938 1104 executione,
963 1023 1050 1086 tunc
1075 1015 1243 1086 Ecclesia
1266 1034 1340 1084 non
1366 1011 1515 1084 haberet
1539 1033 1662 1084 veram
1690 1020 1812 1084 aucto·

478 1139 629 1223 ritatem,
656 1133 741 1225 quia
764 1141 904 1203 careret
927 1132 1106 1204 elemento
1131 1129 1362 1201 constitutivo
1396 1127 1635 1217 auctoritatis,
1680 1129 1810 1220 nempe

477 1257 653 1344 potestate
678 1249 882 1334 exacutiva,
910 1255 944 1319 et
961 1255 1062 1319 esset
1078 1245 1222 1320 subdita
1237 1247 1374 1332 StatuS,
1393 1244 1702 1336 quemadmodum
1718 1244 1810 1314 Con·

477 1366 643 1451 sortium,
670 1386 738 1436 seu
762 1363 992 1456 particularis
1015 1363 1180 1434 Societas
1204 1363 1240 1432 in
1263 1363 1380 1451 Statu,
1407 1371 1494 1454 puta
1523 1361 1689 1432 Societas
1713 1382 1810 1432 com·

475 1483 671 1569 mercialist,
698 1481 806 1552 cuius
830 1479 933 1572 leges
957 1486 1113 1570 possunt
1136 1477 1159 1549 a
1183 1479 1286 1549 Statu
1311 1478 1503 1570 approbari
1529 1477 1585 1548 vel
1614 1477 1806 1548 annullari.

476 1599 600 1670 Status
624 1599 733 1688 igitur
758 1619 828 1669 non
854 1597 962 1669 habet
985 1603 1200 1688 potestatam
1224 1594 1333 1665 dandi
1359 1594 1416 1666 vel
1438 1593 1625 1665 auferendi
1666 1595 1740 1664 vim
1775 1601 1814 1664 et

476 1714 724 1786 executionem
749 1711 933 1784 mandatis
957 1712 1155 1798 Ecclesiae,
1184 1711 1250 1782 sed
1274 1718 1413 1782 tanturn
1437 1709 1659 1802 proponendi
1687 1710 1809 1780 Eccle-

475 1831 553 1904 siae
575 1829 748 1923 quidquid
772 1828 937 1900 videatur
961 1837 1207 1928 opportunum
1247 1829 1444 1900 observare
1483 1826 1580 1896 circa
1620 1826 1809 1896 Ecclesiae

476 1945 647 2018 mandata
670 1967 756 2018 sese
780 1943 996 2034 subjciendc
1023 1945 1149 2015 ultimo
1169 1943 1308 2032 judicio
1333 1944 1533 2029 Ecclesiae,
1560 1942 1656 2035 quod
1681 1949 1736 2014 est
1765 1941 1809 2012 de

472 2064 557 2153 jure
581 2063 746 2134 cuiusvis
770 2062 905 2134 subditi
930 2083 1019 2153 erga
1043 2068 1305 2152 competentem
1323 2059 1586 2150 auctoritatem.
1605 2059 1684 2130 Hoc
1700 2059 1808 2129 modo

476 2180 576 2252 cives
600 2179 787 2270 provident
811 2179 892 2250 suis
911 2177 1058 2267 juribus
1083 2199 1127 2248 nc
1163 2186 1361 2268 graventur
1399 2198 1421 2246 a
1459 2175 1635 2266 Principe,
1678 2195 1807 2266 propo-

449 2295 595 2366 nendo
618 2317 748 2386 nempe
772 2295 972 2367 auctoritati
997 2293 1170 2387 quidquid
1209 2295 1245 2364 in
1280 2293 1361 2384 lege
1401 2289 1564 2363 videatur
1594 2313 1806 2380 onerosum,

477 2433 550 2484 non
574 2419 695 2482 tamen
720 2411 787 2484 sibi
813 2413 972 2502 irrogant
992 2412 1058 2500 jus
1082 2409 1189 2480 dandi
1216 2411 1286 2480 vim
1311 2411 1537 2480 executivam
1577 2410 1631 2480 vel
1662 2430 1734 2480 non
1760 2408 1809 2480 le·

476 2529 585 2618 gibus
608 2528 797 2620 principie,
824 2528 919 2620 quod
944 2536 1043 2600 esset
1068 2527 1246 2620 imperare
1270 2527 1438 2619 Principi,
1456 2527 1659 2618 approbare
1675 2547 1808 2618 nempe

475 2644 594 2734 legem
619 2645 674 2714 vel
699 2665 780 2716 eam
804 2645 1004 2716 annullare.
1032 2633 1199 2717 Ecclesia
1222 2651 1345 2714 autem
1369 2651 1424 2714 est
1458 2642 1635 2733 Superior
1673 2643 1803 2730 Statui,

476 2756 560 2830 hinc
583 2761 613 2831 si
639 2783 711 2853 qua
734 2761 792 2832 lex
817 2762 942 2832 Status
965 2761 1011 2831 sit
1035 2761 1171 2850 injusta
1196 2779 1277 2830 cam
1300 2750 1459 2830 damnat.
1558 2795 1560 2798 ·

809 2959 885 3028 Art.
913 2957 976 3026 lV.
1003 2997 1044 3010 --
1069 2959 1113 3030 lte
1136 2958 1232 3046 itania
1256 2957 1474 3032 llcninatione

476 3179 601 3232 crucis
627 3177 844 3233 tucrcnrms
869 3178 1014 3243 uuucuu
1041 3177 1099 3232 rus
1137 3173 1252 3230 uram
1285 3169 1473 3232 'raorruuu
1512 3177 1549 3230 m
1588 3177 1809 3232 uonrnrnms

659 3303 845 3375 errscorrs,
875 3303 938 3356 sun
964 3279 1176 3358 rensuum
1207 3301 1369 3356 accensu
1399 3303 1622 3356 uncacrruu.

563 3456 772 3548 Regalistae
796 3455 957 3527 tribuunt
980 3456 1073 3526 civili
1097 3457 1300 3528 auctoritati
1320 3457 1386 3545 jus
1410 3456 1618 3526 nominandi
1655 3457 1805 3548 Episco-

472 3597 540 3666 pos
563 3575 700 3644 ratione
724 3571 846 3643 tuendi
866 3574 950 3661 jura
973 3573 1110 3661 Status,
1137 3553 1204 3642 sed
1235 3572 1303 3644 hoc
1333 3573 1418 3662 jure
1456 3573 1594 3662 Regiae
1631 3573 1808 3646 Nomina-

472 3691 580 3761 tionis
604 3689 766 3762 tribuunt
778 3689 846 3759 sibi
871 3689 1158 3760 ecclesiasticam
1170 3688 1462 3778 jurisdictionem
1478 3669 1514 3760 in
1532 3710 1570 3760 re
1587 3690 1806 3780 gravis'mo·

471 3807 594 3894 menti,
620 3813 655 3876 et
678 3803 805 3877 eadem
829 3806 967 3877 ratione
991 3806 1111 3878 tuendi
1134 3806 1219 3895 jura
1242 3806 1367 3876 Status
1391 3805 1459 3875 sibi
1485 3806 1648 3876 tribuunt
1666 3806 1733 3894 jus
1752 3827 1805 3874 re-

471 3921 639 3992 morandi
664 3921 869 4012 Episcopos
892 3922 938 3991 ab
963 3921 1050 4012 ipsis
1075 3921 1222 3992 electos.
1367 3911 1372 3920 ’
1788 3931 1790 3936 ’

560 4039 729 4138 lamvero
753 4059 816 4128 per
840 4038 900 4126 jus
925 4039 1109 4108 electionis
1146 4047 1180 4108 et
1214 4040 1279 4126 jus
1319 4038 1529 4109 remotionis
1564 4039 1600 4107 in
1640 4039 1804 4130 Principe

470 4153 680 4246 Episcopus
703 4153 880 4246 dependet
904 4177 926 4223 a
950 4155 1114 4246 Principe
1139 4155 1174 4225 in
1199 4176 1269 4226 suo
1294 4177 1392 4240 csse,
1411 4162 1542 4248 'etper
1565 4177 1802 4247 consequens

469 4270 576 4340 etiam
600 4269 636 4340 in
660 4270 814 4361 operari,
840 4271 926 4362 quia
949 4277 982 4341 sl
1008 4292 1078 4341 non
1116 4272 1232 4363 placet
1268 4270 1435 4363 Principi,
1475 4273 1650 4364 Princeps
1686 4279 1805 4361 potest

446 4365 554 4457 'eum
577 4391 777 4458 removere.
944 4367 946 4374 ¹
1451 4397 1453 4402 ’
1716 4403 1718 4408 ·

557 4502 724 4573 Jamvero
748 4501 918 4594 Episcopi
943 4502 1071 4574 debent
1095 4503 1177 4594 eligi
1198 4505 1308 4593 juxta
1331 4505 1441 4576 linem
1465 4505 1671 4593 Ecclesiae,
1691 4512 1725 4577 et
1744 4505 1803 4594 ju·

470 4614 531 4688 xta
556 4617 744 4690 Ecclesiae
793 4617 1028 4690 directionem
1063 4619 1195 4691 debent
1231 4622 1384 4712 operari,
1425 4630 1458 4692 ct
1492 4629 1631 4692 tantum
1666 4621 1801 4712 judicio

469 4733 656 4805 Ecclesiae
681 4735 870 4821 removeri,
897 4734 1043 4806 ethaeo
1069 4738 1190 4808 omnia
1228 4745 1315 4808 sunt
1348 4739 1619 4810 ecclesiasticae
1654 4737 1807 4829 jurisdi-

468 4849 610 4938 ctionis,
636 4857 670 4920 et
692 4851 817 4942 gravis
840 4852 1025 4924 momenti.
1052 4851 1192 4926 Eodem
1215 4855 1389 4949 principio
1418 4854 1540 4927 tuendi
1561 4858 1647 4947 jura
1671 4859 1798 4928 Status
