4054 6322
725 1019 995 1072 premebamus

286 1181 417 1249 Forma
443 1175 680 1249 Monarcbica
703 1183 758 1246 est
782 1174 1019 1268 praeferenda
1043 1181 1189 1268 propter
1212 1173 1398 1264 unitatem,
1412 1174 1533 1246 unitas

195 1305 317 1368 autem
357 1303 413 1366 est
453 1290 687 1385 praeferenda
726 1314 790 1384 pro
815 1291 928 1362 citiori
952 1299 987 1362 et
1023 1291 1232 1384 promptiori
1256 1291 1531 1382 gubernatione,

195 1413 296 1484 citior
320 1419 355 1482 et
379 1411 578 1504 promptior
600 1409 815 1500 gubernatio
839 1415 896 1480 est
911 1407 1148 1499 praeferenda
1159 1408 1195 1478 in
1208 1409 1358 1496 casibus
1374 1415 1532 1478 extraor-

196 1529 344 1602 dinariis
370 1535 456 1621 puta
479 1534 641 1618 tempore
667 1525 760 1597 belli.
788 1523 1001 1616 Polyarchia
1025 1547 1094 1596 sau
1116 1525 1243 1618 plures
1258 1534 1532 1618 repraesentan-

195 1625 250 1718 tes
275 1653 362 1717 sunt
385 1643 608 1736 praeferendi
633 1665 699 1735 pro
723 1640 969 1730 discussione,
996 1640 1265 1734 ponderatione,
1291 1650 1326 1714 et
1358 1641 1532 1713 delibera·

194 1765 290 1842 tione
313 1761 433 1852 magis
456 1769 597 1832 matura
620 1768 655 1831 et
678 1757 848 1852 perlecta,
875 1759 966 1830 haec
988 1767 1111 1831 autem
1134 1767 1192 1830 est
1214 1759 1451 1852 praeferenda
1466 1781 1531 1850 pro

194 1879 341 1974 casibus
366 1877 560 1949 ordinariis
584 1875 624 1946 in
648 1876 832 1948 societate.
861 1875 1024 1948 lamvero
1046 1875 1143 1968 quod
1167 1883 1223 1946 est
1247 1875 1443 1968 perfectius
1465 1897 1531 1968 pro

194 1995 346 2068 casibus
369 1993 564 2066 ordinariis
588 1999 647 2065 est
671 1991 948 2084 praeterendum
972 1991 1004 2064 ei
1028 1991 1124 2086 quod
1149 2001 1205 2064 est
1234 1993 1428 2082 perfectius
1466 2013 1531 2082 pro

193 2111 345 2184 casibus
369 2110 678 2184 extraordinariis.
707 2109 804 2200 Ergo
829 2107 969 2181 videtur
992 2107 1243 2200 Polyarchiam
1267 2131 1353 2212 esse
1392 2109 1532 2201 perassa-

196 2227 346 2300 rendam
369 2226 612 2298 Monarchiae.

283 2347 517 2435 Respondemus
543 2385 582 2396 -
608 2344 701 2416 Huic
724 2343 921 2416 difficultati
959 2343 1131 2416 unitatem
1170 2366 1255 2414 esse
1280 2345 1436 2416 maxime
1470 2365 1532 2414 ne·

191 2462 399 2534 cessariam
421 2461 530 2534 etiam
555 2461 591 2530 in
614 2461 770 2552 negotiis
795 2459 1000 2550 ordinariis,
1026 2467 1062 2530 et
1086 2444 1407 2532 ita'Monarchiam
1445 2476 1544 2556 osse*

192 2578 478 2672 praeferendam.

281 2696 425 2788 llblellur
443 2697 495 2768 2⁶.
525 2737 564 2746 -
591 2695 629 2765 ln
655 2692 869 2766 Monarchia
892 2715 936 2766 ex
961 2693 1042 2784 ipsa
1066 2694 1324 2766 constitutione
1348 2695 1534 2768 societatis

192 2819 348 2904 possunt
371 2810 541 2883 constitui
567 2809 692 2902 plures
717 2832 782 2901 pro
806 2793 965 2900 negotiis
988 2809 1180 2886 ordinariis
1200 2810 1305 2899 juxta
1329 2811 1530 2902 exigentias

192 2927 327 3019 populi,
352 2927 389 2996 in
413 2924 627 3018 Polyarobia
650 2927 784 3018 pariter
807 2949 850 2996 ex
875 2927 956 3018 ipsa
979 2926 1236 2999 constitutione
1260 2927 1444 2998 societatis
1468 2949 1530 3018 po-

193 3051 263 3115 test
285 3043 456 3114 constitui
480 3063 580 3114 unus
614 3062 680 3133 pro
714 3042 870 3132 negotiis
894 3042 1190 3114 extraordinariis
1225 3043 1439 3134 praesertim
1479 3044 1530 3114 in-

191 3158 503 3247 ternetionalibus,
530 3165 565 3228 et
588 3159 637 3228 ita
660 3157 814 3228 babetur
831 3159 964 3228 Forma
979 3159 1102 3247 mixta,
1121 3167 1285 3252 quaeest
1304 3161 1436 3232 Forma
1450 3181 1529 3252 per·

191 3275 328 3364 lectior,
354 3283 389 3346 et
412 3274 562 3368 proinde
586 3274 740 3346 caeteris
763 3274 1013 3366 praeferenda.

280 3393 525 3480 Respondemus.
553 3431 593 3444 -
618 3391 657 3461 ln
681 3393 814 3462 Forma
837 3389 1070 3462 Monarchica
1094 3391 1253 3483 prolecto
1289 3415 1353 3485 per
1387 3395 1529 3466 eloctio-

191 3529 275 3580 nem
299 3508 455 3598 plurium
481 3507 527 3578 ad
550 3507 713 3599 regimen
737 3507 923 3580 societatis
936 3529 1021 3580 cum
1037 3508 1335 3581 subordinatione
1365 3511 1411 3580 ad
1427 3511 1528 3582 Prin-

191 3625 319 3715 cipem,
346 3631 380 3694 ct
404 3631 570 3696 servatur
593 3625 728 3714 unitas,
756 3631 793 3694 el
816 3623 970 3696 habetur
992 3624 1181 3716 pluralitas
1220 3647 1285 3718 pro
1324 3628 1527 3699 maturitate

185 3739 422 3830 judiciorum,
447 3762 520 3811 non
544 3740 593 3810 ila
616 3739 652 3810 in
676 3725 1013 3830 Polyarchiaeum
1038 3739 1083 3810 de
1100 3742 1262 3812 essentia
1292 3743 1527 3834 Polyarchiae

190 3856 237 3925 sit
260 3856 457 3926 auctoritas
481 3879 526 3926 ex
550 3855 730 3946 pluribuS,
757 3852 840 3927 hinc
864 3855 981 3948 Caput
1004 3877 1078 3926 non
1103 3855 1249 3930 haberet
1263 3859 1527 3936 subordinatio-

190 3992 274 4043 nem
298 3969 579 4070 pluerunbinc
603 3992 677 4042 non
701 3977 910 4043 servaretur
935 3971 1070 4042 unitas.
1096 3973 1190 4044 Hinc
1219 3975 1351 4058 Forma
1390 3977 1527 4068 preel-

190 4086 302 4158 renda
327 4108 399 4159 non
424 4095 481 4159 est
504 4091 637 4160 Forma
659 4088 781 4176 mixta,
809 4087 876 4159 aed
899 4087 1132 4162 Monarcbica
1154 4097 1366 4184 temperata.

655 4257 734 4328 Art.
760 4257 801 4328 ll.
830 4299 870 4312 -
894 4259 1060 4333 cantuale

238 4453 357 4506 FORMA
383 4453 630 4508 subterstratis
655 4453 912 4508 Passenianum
939 4455 999 4508 EST
1026 4454 1251 4510 Montucfflct
1269 4457 1476 4512 ΤΕΜΡΕΗΑΤᾸ

278 4609 531 4700 Exposuimus
555 4612 717 4680 rationes
739 4610 906 4682 faventes
930 4617 1006 4681 tum
1023 4610 1267 4702 Monarchiae‚
1286 4619 1363 4684 tum
1379 4613 1525 4706 Polyar-

188 4725 306 4815 chiae,
331 4725 572 4817 exposuimus
596 4726 767 4798 utilitates
791 4728 869 4798 sive
893 4728 1004 4798 unius
1029 4727 1106 4798 sive
1130 4727 1280 4800 alterius
1296 4729 1434 4802 formae
1449 4732 1525 4825 qui-

189 4841 258 4914 bus
282 4862 356 4916 una
380 4847 437 4914 est
458 4841 560 4916 alteri
597 4842 863 4936 praeferenda,
888 4865 987 4916 nuuc
1019 4843 1179 4918 dicimus
1212 4845 1313 4918 illam
1336 4867 1423 4920 esse
1453 4848 1525 4920 lor·
1552 4841 1553 4844 ’
