4054 6322
581 809 628 882 72

480 983 698 1068 prehensus,
725 992 854 1056 contra
877 987 1090 1058 Pontificem
1117 1007 1220 1060 arma
1244 995 1368 1073 vertat,
1396 989 1529 1060 bellum
1552 987 1584 1058 ei
1620 987 1810 1062 indicendo

480 1101 585 1171 sisit
607 1101 643 1170 in
667 1121 738 1172 suo
762 1101 864 1172 Statu
888 1103 1090 1192 temporali,
1116 1104 1172 1172 vel
1197 1124 1282 1176 eum
1307 1103 1341 1174 in
1366 1125 1551 1176 carcerem
1586 1102 1812 1178 detrudendo

480 1219 512 1288 si
536 1216 583 1287 sit
607 1217 642 1286 in
666 1217 748 1288 eius
768 1215 932 1298 ‚dominio
957 1217 1011 1288 vel
1037 1219 1229 1306 territorio,
1256 1219 1305 1290 uti
1331 1220 1473 1290 scimus
1495 1241 1541 1290 ex
1557 1219 1717 1290 Historia
1735 1219 1811 1310 plu·

482 1354 555 1404 nes
578 1353 761 1406 evenisse.

569 1503 644 1574 Art.
674 1503 729 1574 lll.
759 1543 798 1554 -
824 1504 934 1576 boun
957 1505 1125 1577 tantumn
1148 1503 1337 1594 Temporale
1360 1507 1406 1578 eli
1446 1507 1669 1580 mmseenun
1690 1509 1726 1578 ot

894 1619 1039 1694 Somnus
1061 1620 1213 1693 Pontifex
1236 1623 1282 1692 sit
1304 1621 1396 1694 liber.

567 1793 697 1866 tieem
720 1811 781 1866 troo
803 1811 881 1866 esso
905 1792 1136 1877 moneamini,
1163 1833 1205 1844 -
1229 1793 1397 1864 Potestas
1421 1793 1517 1866 enim
1542 1793 1729 1864 pontilicis
1758 1803 1814 1866 est

480 1929 655 2002 suprema
677 1917 809 1980 natura
832 1929 914 1996 sua,
940 1915 976 1980 et
999 1917 1129 1980 natura
1153 1929 1223 1980 sua
1246 1927 1377 1980 omnes
1399 1909 1525 1980 civiles
1553 1917 1752 2000 potestates
1776 1911 1806 1982 ei

480 2025 776 2112 subordinantur,
801 2025 833 2096 si
858 2045 946 2114 ergo
970 2045 1031 2094 res
1056 2025 1218 2096 ordinate
1244 2023 1452 2114 procedant,
1478 2026 1509 2095 si
1528 2047 1659 2118 nempe
1675 2025 1810 2096 Princi-

480 2164 546 2236 pes
569 2146 665 2212 hano
688 2140 1023 2212 subordinationem
1047 2141 1253 2224 observent,
1288 2141 1465 2212 Summus
1499 2141 1663 2214 Pontifex
1702 2142 1810 2212 etiam

480 2260 560 2332 sine
584 2257 744 2330 dominio
768 2257 969 2348 temporali,
995 2277 1068 2326 non
1092 2263 1232 2328 tantum
1257 2279 1328 2328 non
1354 2259 1422 2330 erit
1445 2257 1649 2346 subjectus,
1676 2257 1742 2328 sed
1765 2256 1810 2328 de

479 2377 572 2448 lacto
598 2373 739 2445 habebit
763 2373 1013 2446 auctoritatem
1038 2393 1260 2466 supremam,
1295 2373 1428 2446 direote
1463 2375 1559 2446 circa
1595 2373 1808 2466 spiritualia,

480 2491 653 2564 indirecte
676 2491 773 2562 circa
786 2489 1011 2580 temporalia,
1038 2491 1087 2558 ita
1111 2497 1149 2558 ut
1172 2490 1253 2560 sine
1277 2489 1437 2561 dominio
1460 2490 1650 2582 temporali
1688 2490 1810 2563 omnia

478 2607 693 2698 temporalia
716 2607 749 2680 ei
773 2603 1069 2678 subordinantur.
1100 2603 1251 2678 Videtur
1275 2606 1383 2696 igitur
1407 2627 1480 2677 non
1516 2625 1603 2678 esse
1639 2627 1809 2676 neeessa-

479 2726 575 2796 rium
597 2722 797 2794 dominium
821 2721 1016 2813 temporale
1039 2731 1078 2792 ut
1102 2722 1278 2792 Summus
1301 2721 1464 2794 Pontllex
1482 2723 1532 2794 sit
1548 2723 1649 2793 liber.
1669 2723 1811 2793 Etenim

480 2849 519 2912 ut
543 2839 721 2912 Summus
746 2837 908 2910 Pontifex
933 2839 981 2908 sit
1004 2838 1094 2908 libor
1116 2837 1310 2931 requiritur
1333 2845 1474 2910 tantum
1497 2847 1537 2912 ut
1560 2837 1695 2910 Civiles
1706 2838 1810 2911 Pote-

479 2965 593 3028 states
616 2976 690 3028 non
713 2953 882 3026 deficiant
917 2954 952 3022 in
977 2953 1276 3026 subordinatione
1306 2956 1414 3042 juxte
1450 2963 1617 3028 naturam
1653 2956 1810 3029 civilium

479 3079 711 3166 potestatum,
737 3091 830 3164 quae
853 3079 985 3144 natura
1007 3092 1078 3144 sua
1106 3069 1393 3142 subordinantur
1427 3072 1595 3162 potestati
1631 3071 1809 3163 spirituali

478 3189 664 3262 pontilicis
686 3196 726 3259 ut
750 3207 957 3281 supremae.
985 3187 1139 3280 insuper
1164 3184 1366 3258 notandum
1380 3189 1637 3262 necessitatem
1653 3187 1810 3260 Domimi

477 3305 717 3398 Temporalis,
744 3305 886 3395 probari
911 3305 1107 3397 praecipue
1132 3325 1176 3374 ex
1202 3305 1422 3378 necessitate
1459 3305 1633 3378 libertatis
1669 3302 1809 3376 Summi

478 3422 664 3494 Pontitieis
687 3421 732 3492 ad
756 3441 864 3494 suam
887 3422 1135 3494 auctoritatem
1161 3422 1197 3490 in
1234 3421 1400 3492 Ecclesia
1427 3421 1681 3494 exercendam.
1715 3419 1810 3492 lam·

479 3559 565 3608 vero
589 3537 680 3610 haec
702 3537 909 3610 necessitas
932 3559 1005 3629 non
1029 3536 1159 3608 dicitur
1175 3537 1354 3624 absolute,
1379 3559 1511 3629 nempe
1528 3538 1565 3608 iu
1580 3553 1810 3630 quocumque

478 3675 584 3740 casu,
609 3656 640 3724 si
664 3655 760 3726 onim
780 3655 888 3742 juxta
912 3675 1035 3724 rerum
1059 3663 1229 3724 naturam
1253 3651 1387 3726 Civiles
1411 3656 1616 3726 Potestates
1641 3653 1714 3722 sint
1749 3673 1810 3724 su·

479 3769 687 3844 bordinatae
722 3773 887 3863 potestati
923 3767 1111 3844 Pontificis
1146 3777 1185 3841 ut
1209 3787 1406 3862 supremae
1435 3769 1616 3861 potestati,
1642 3767 1808 3840 Pontilex

479 3887 558 3958 sine
581 3887 748 3958 Dominio
771 3887 977 3980 Temporali
996 3886 1139 3958 habebit
1155 3885 1200 3958 de
1213 3885 1307 3956 lacto
1320 3889 1536 3978 potestatem
1549 3905 1642 3978 quaa
1666 3887 1698 3956 ei
1713 3905 1809 3956 com·

479 4005 564 4095 petit
587 4025 630 4074 ex
654 4011 795 4089 natura,
823 4011 1038 4095 potestatem
1061 4023 1194 4094 nempe
1220 4023 1444 4094 supremam,
1470 4001 1604 4074 directe
1635 4003 1671 4072 in
1707 4001 1811 4094 spiri·

479 4119 602 4206 tuella,
628 4118 798 4190 indirecte
823 4121 858 4190 in
883 4119 1106 4211 temporalia.

567 4235 664 4326 Ergo
688 4237 893 4308 Dominium
917 4235 1132 4328 Temporale
1157 4236 1299 4307 Summi
1324 4233 1511 4306 Pontifiois
1547 4241 1604 4306 est
1620 4255 1810 4319 ,neeessa-

479 4354 584 4440 rium,
610 4351 772 4424 sednon
796 4351 973 4442 absolute,
1000 4352 1067 4422 sed
1091 4360 1229 4422 tantum
1254 4351 1401 4422 relative
1426 4351 1472 4422 ad
1495 4351 1738 4422 deficientiam
1755 4349 1811 4422 Ci-

479 4469 603 4540 vilium
626 4471 852 4564 Potestalum
874 4471 970 4541 eirca
990 4470 1077 4557 jura
1101 4469 1243 4540 Summi
1267 4468 1465 4553 Pontifiois,
1491 4475 1527 4539 et
1544 4475 1810 4560 consequenter

478 4587 575 4656 circa
598 4605 725 4658 eorum
742 4585 995 4676 obligationes.
1013 4584 1089 4656 lmo
1106 4585 1313 4656 Dominium
1330 4583 1545 4675 Temporale
1558 4583 1701 4669 Summi
1718 4587 1811 4656 Pon-

449 4699 454 4712 '
476 4702 582 4774 tiliois
605 4723 678 4775 non
703 4710 854 4794 apparet
877 4702 1129 4773 necessarium
1155 4701 1199 4790 si,
1228 4701 1277 4772 uti
1303 4699 1349 4772 de
1386 4710 1514 4772 natura
1548 4707 1605 4771 est
1636 4699 1810 4774 ¹Ciuilium

477 4819 702 4892 Potestatum
725 4827 760 4890 et
783 4818 978 4892 Potestatis
1001 4817 1202 4906 Ecclesiae,
1239 4817 1374 4888 Civiles
1405 4819 1610 4890 Potestetes
1643 4817 1812 4890 subordi-
