4054 6322
669 887 746 956 Art.
773 885 836 956 1v.
858 923 898 936 -
916 883 959 956 lte
980 882 1090 970 Glitry.

214 1085 402 1147 QUAERITUR
416 1087 462 1142 ΛΝ
480 1088 518 1140 lli
536 1085 683 1140 Juplclls
699 1085 952 1140 cnlulnnmuus
969 1043 1166 1138 lnsrlrurlo
1184 1085 1261 1146 ΟΜ
1280 1083 1422 1137 chllltll
1439 1082 1549 1138 GIURY

313 1213 364 1266 sir
391 1211 632 1274 renuntiarint
658 1210 895 1265 insiluurlolli
920 1211 989 1272 Qun
1017 1209 1210 1268 SENTENTIA
1238 1209 1445 1264 PROPERTUR
1465 1211 1550 1264 ulit·

243 1415 247 1422 .
313 1339 384 1391 TUM
410 1339 454 1390 ΑΒ
481 1331 686 1393 ollulrltilius
713 1335 998 1390 nlntsrunrtutJS.

507 1510 746 1570 exrenurirun
773 1513 945 1568 unrionus
971 1515 1040 1569 ruo
1059 1514 1102 1568 ur
1127 1513 1277 1568 courel.

595 1673 775 1742 Rationes
802 1671 922 1764 Giury
947 1671 1168 1741 contrariae.

307 1846 379 1915 Pro
402 1851 500 1914 recto
524 1841 649 1914 ordine
673 1843 708 1910 in
733 1843 905 1912 societate
930 1840 1112 1912 servando
1136 1841 1272 1912 multae
1303 1841 1547 1914 institutiones

221 1971 310 2032 sunt
330 1959 463 2054 quibus
486 1959 719 2030 committitur
742 1979 830 2028 curo
856 1957 938 2028 boni
971 1958 1119 2030 socialis
1154 1957 1189 2026 in
1214 1955 1282 2026 liao
1308 1959 1362 2027 vel
1387 1957 1448 2028 illa
1471 1979 1547 2028 ma-

215 2077 304 2148 teria
329 2075 545 2168 particulari,
572 2083 657 2144 sunt
681 2095 813 2166 nempe
835 2073 1102 2188 Paolessiones,
1128 2080 1163 2142 et
1179 2073 1262 2143 finis
1279 2073 1444 2143 cuiusvis
1462 2075 1548 2143 Pro-

217 2193 390 2264 tassionis
414 2191 646 2263 committitur
680 2213 753 2262 non
785 2191 1001 2282 cuicumque
1034 2189 1100 2260 sed
1132 2190 1256 2281 peritis
1281 2197 1314 2260 et
1338 2191 1548 2282 approbatis

216 2311 250 2378 in
286 2309 518 2380 Professione
556 2310 647 2400 ipsa,
686 2328 798 2378 secus
822 2307 971 2378 inutiles
996 2305 1254 2380 professiones
1277 2307 1483 2392 evaderent,
1516 2317 1552 2378 et

100 2459 103 2464 ·
216 2447 344 2496 omnes
368 2434 494 2496 essent
517 2425 631 2516 periti,
658 2424 794 2494 seilicet
819 2444 948 2496 ornnes
972 2432 1098 2494 essent
1115 2423 1257 2510 Medici,
1277 2445 1408 2497 omnes
1429 2423 1550 2495 Advo-

214 2542 295 2631 cati,
322 2563 450 2612 ornnes
476 2540 617 2612 ludices
641 2539 738 2626 quod
761 2549 864 2612 esset
886 2539 1162 2612 inconveniens.
1187 2539 1283 2610 Hinc
1313 2547 1409 2631 patet
1438 2541 1472 2609 in
1491 2541 1550 2628 jn·

214 2658 317 2727 dioiis
340 2658 588 2728 criminalibus
613 2657 817 2727 ordinarios
842 2657 1095 2748 Magistratus,
1115 2655 1227 2746 (iiury
1246 2677 1313 2728 seu
1330 2657 1463 2728 ceteris
1480 2658 1551 2728 ele-

217 2775 285 2844 ctis
310 2797 354 2844 ex
377 2774 518 2845 civibus
542 2773 839 2862 adjudicandum
853 2795 938 2845 esse
955 2771 1227 2866 praeferendos,
1247 2774 1304 2844 isti
1322 2774 1418 2850 enirn
1435 2793 1550 2864 saepe

216 2891 323 2961 etiarn
349 2891 559 2960 necessaria
584 2889 751 2978 ignorant
774 2889 820 2960 ad
840 2889 1019 2978 judicium
1044 2897 1184 2960 rectum
1208 2889 1478 2982 proferendum.

307 3008 402 3080 lilces
421 3047 460 3058 --
488 3007 727 3120 Magistratus
750 3006 921 3077 ordinarii
946 3014 1032 3078 sunt
1056 3005 1225 3076 lallibiles
1247 3006 1282 3075 in
1307 3027 1377 3078 suo
1398 3005 1549 3095 judicio.

215 3123 313 3214 Ergo
332 3125 477 3212 justum
501 3131 556 3192 est
580 3143 708 3194 eorum
728 3121 908 3210 judicium
944 3141 1082 3193 rursus>
1113 3123 1283 3210 subjicere
1303 3122 1442 3210 judicio
1464 3123 1551 3193 alio-

216 3261 317 3328 rum,
354 3249 392 3310 ut
429 3259 523 3310 nova
557 3237 789 3312 discussione
825 3247 997 3332 appareat
1031 3262 1076 3308 an
1114 3240 1160 3308 sit
1199 3249 1337 3310 rectum
1371 3239 1552 3327 judicium

218 3357 274 3426 vel
298 3379 383 3428 non.

303 3473 396 3564 lloep.
418 3515 457 3525 -
475 3473 554 3544 Hoc
578 3475 653 3544 lleri
679 3493 742 3566 per
766 3475 1027 3566 appellationes
1050 3495 1144 3566 quae
1174 3475 1253 3562 jain
1293 3475 1480 3546 institutae
1500 3476 1552 3545 in·

216 3591 409 3660 veniuntur
433 3591 467 3658 in
488 3589 636 3678 judiciis
662 3589 809 3682 prolatis
833 3591 879 3660 ab
904 3589 1097 3662 ordinariis
1120 3591 1409 3681 Magistratibns.

309 3708 403 3779 illota
420 3747 458 3758 -
485 3705 697 3780 Ordinarios
721 3706 958 3796 Magistratus
995 3727 1106 3797 posse
1140 3707 1325 3798 corrumpi
1362 3708 1418 3778 vel
1443 3728 1552 3800 pecu·

216 3825 288 3912 nia,
316 3825 370 3892 vel
394 3825 521 3894 timore
556 3823 633 3894 sive
668 3823 890 3913 privatorum
926 3825 1003 3894 sive
1036 3825 1144 3896 etiarn
1167 3825 1397 3895 auctoritatis
1421 3825 1452 3895 si
1479 3845 1550 3897 neu

217 3941 264 4011 sit
283 3942 396 4027 justa,
423 3947 458 4010 et
480 3938 599 4008 faveat
623 3939 812 4009 sententiis
836 3940 985 4032 iniquis.
1190 4031 1194 4038 Ι

304 4055 396 4144 Resp.
417 4095 459 4106 -
477 4054 573 4126 idern
599 4055 675 4127 lieri
701 4075 813 4147 posse
836 4054 880 4126 de
904 4057 1046 4128 civibus
1070 4059 1130 4149 qui
1155 4067 1376 4149 componant
1398 4059 1525 4148 Giury.

581 4227 761 4296 Rationes
786 4249 878 4320 quoe
893 4228 1027 4318 sonent
1052 4228 1185 4322 Giury.

303 4397 445 4469 iudices
470 4419 538 4468 seu
562 4421 605 4468 ex
641 4397 876 4470 professione
910 4399 1011 4491 periti
1048 4399 1083 4470 in
1115 4398 1268 4488 jndicits
1296 4379 1548 4472 criminalibus

217 4521 302 4584 sunt
324 4514 484 4606 aptiores
508 4515 543 4584 in
561 4535 739 4606 processu
755 4514 992 4604 efformando,
1011 4514 1143 4587 hebent
1160 4517 1260 4588 enim
1276 4518 1424 4607 longam
1441 4539 1548 4608 expe-

215 4631 390 4720 rientiam,
416 4641 451 4702 et
474 4631 606 4703 modus
630 4633 790 4724 aptiores
814 4632 933 4702 sciunt
956 4631 1148 4723 colligendi
1166 4641 1292 4722 testes,
1319 4643 1353 4704 et
1377 4655 1443 4705 eos
1469 4657 1553 4704 exa-

215 4745 386 4836 minandi,
411 4747 599 4840 colligendi
623 4747 806 4838 adjuncta,
833 4757 867 4819 et
890 4749 1183 4820 circumstantias
1216 4749 1389 4824 noscendi
1414 4752 1554 4845 quibus
