4054 6322
912 779 924 844 ,
1452 741 1498 816 re

257 917 412 1016 quirent,
438 919 521 992 hinc
555 919 594 991 fit
628 919 725 1012 quod
760 921 801 991 in'
832 919 964 992 Forma
1000 915 1236 990 Monarchica
1272 916 1365 1012 desit
1403 916 1593 988 sufficiens

260 1037 473 1108 exercitium
505 1037 692 1127 regiminis
715 1043 749 1106 et
772 1035 1059 1126 gubernationis,
1096 1056 1143 1105 ex
1177 1055 1249 1126 quo
1287 1035 1411 1125 piures
1452 1035 1597 1104 abusus

260 1160 476 1240 nascuntur,
513 1151 664 1226 deiectio
699 1153 797 1248 enim
834 1152 1000 1244 publicae
1024 1159 1059 1220 et
1083 1151 1263 1241 legitimae
1299 1149 1523 1220 auctoritatis
1559 1150 1595 1219 in

260 1267 417 1360 singuiis
441 1269 654 1359 regionibus
677 1277 711 1339 et
734 1268 937 1338 civitatibus
955 1287 1072 1338 causa
1088 1275 1145 1338 est
1160 1256 1384 1336 deficientias
1409 1266 1597 1358 protectio·

204 1445 208 1453 .
259 1385 318 1456 nis
333 1383 380 1454 ad
397 1382 559 1456 ordinem
573 1385 758 1476 publicum
772 1382 1006 1473 servandum,
1025 1383 1217 1454 deficiente
1232 1389 1355 1454 autem
1373 1383 1595 1474 protectione

259 1500 404 1594 publica
427 1499 533 1571 datur
557 1502 703 1572 libertas
726 1499 903 1572 mateficis
929 1500 1080 1570 nocendi
1103 1500 1186 1570 aliis
1219 1500 1280 1591 qui
1305 1497 1499 1593 aliquando
1524 1497 1595 1568 sibi

261 1625 440 1708 usurpant
463 1616 645 1708 publicam
668 1617 920 1689 auctoritatem
944 1615 1123 1706 exigendo
1147 1617 1193 1686 ab
1218 1617 1300 1686 aliis
1322 1622 1442 1705 taxas,
1462 1622 1498 1686 et
1521 1613 1593 1684 alia
1681 1665 1682 1668 ,

261 1753 373 1803 onera
396 1733 478 1804 aliis
506 1733 738 1830 imponendo.
775 1733 821 1806 Et
855 1733 924 1808 hoc
959 1743 1015 1804 est
1049 1753 1235 1804 summum
1269 1731 1533 1805 inconveniens
1557 1729 1593 1800 in
1709 1773 1713 1781 ·

263 1849 393 1920 Forma
416 1849 650 1920 Monarchica
674 1851 705 1922 si
731 1852 809 1922 Rex
833 1871 905 1922 non
931 1851 1040 1941 eligat
1062 1851 1189 1942 plures
1212 1848 1260 1919 ad
1276 1847 1458 1940 regendas
1482 1855 1517 1918 et
1532 1869 1598 1938 gu·

261 1965 468 2038 bernandas
491 1961 659 2038 diversas
683 1967 869 2057 Regiones
893 1976 927 2039 et
952 1965 1122 2038 Civitates
1159 1966 1274 2057 Regni
1298 1973 1386 2058 quot
1410 1965 1597 2057 requiran-

262 2089 320 2152 tur
342 2080 389 2153 ad
411 2081 660 2154 immediatum
684 2091 717 2152 et
741 2083 932 2154 sufficiens
957 2083 1119 2174 regimen
1144 2079 1365 2171 babendum,
1392 2089 1431 2152 ut
1464 2101 1594 2171 nempe

262 2198 419 2270 societas
444 2199 505 2270 fiat
528 2221 600 2268 non
625 2197 672 2268 ad
697 2199 832 2270 bonum
856 2198 923 2270 sed
946 2197 993 2268 ad
1023 2197 1162 2268 maium
1197 2217 1405 2286 commune,
1440 2198 1471 2268 si
1496 2196 1594 2268 enim

260 2314 362 2385 cives
379 2337 451 2386 non
469 2315 687 2407 pertinerent
702 2315 749 2384 ad
764 2316 873 2385 istam
890 2313 1137 2386 Monarchiam
1161 2312 1228 2385 sed
1247 2319 1375 2384 esseut
1390 2313 1503 2402 liberi,
1523 2334 1597 2382 nou

262 2429 435 2504 haberent
458 2431 552 2504 irene
575 2433 684 2502 veluti
709 2431 863 2524 legalem
880 2431 1159 2522 oppressionem
1175 2430 1220 2500 ab
1237 2429 1308 2500 iiiis
1324 2430 1385 2523 qui
1402 2429 1470 2500 sibi
1489 2447 1598 2499 usur·

261 2556 346 2638 pant
369 2548 551 2636 publicam
566 2549 830 2638 auctoritatem,
850 2547 916 2619 sed
935 2567 998 2639 per
1013 2547 1120 2616 eiiam
1137 2547 1292 2618 sormam
1309 2546 1484 2616 socialem
1501 2565 1593 2616 suae

262 2661 415 2736 utilitati,
424 2665 683 2756 prospicerent.
711 2667 918 2734 Auctoritas
943 2665 1052 2754 igitur
1076 2665 1154 2734 sine
1180 2663 1347 2734 exercitio
1371 2669 1427 2732 est
1451 2661 1598 2754 impedi·
1692 2707 1695 2716 .

262 2789 424 2850 mentum
447 2781 682 2871 auctoritatis,
708 2781 806 2872 quod
830 2802 945 2852 causa
980 2790 1036 2852 est
1071 2779 1295 2850 deficientias
1327 2779 1491 2872 publicae
1516 2800 1597 2870 pro-

261 2897 441 2984 tectionis,
468 2897 617 2988 proinde
641 2905 697 2966 est
720 2919 836 2968 causa
859 2878 1034 2968 abusivae
1052 2897 1277 2968 auctoritatis
1294 2896 1438 2967 iliorum
1455 2896 1517 2990 qui
1534 2917 1598 2966 au·

261 3014 461 3084 ctoritatem
496 3013 565 3083 sibi
600 3023 780 3106 usurpant
815 3015 861 3086 ob
895 3013 1142 3091 deficientiam
1176 3014 1448 3086 auctoritativae
1482 3021 1599 3106 prote·

261 3129 404 3201 ationis.
1483 3145 1485 3150 ’

350 3246 453 3327 Quod
476 3246 622 3341 quidem
646 3269 719 3321 uon
743 3259 801 3320 est
818 3249 987 3324 deiectus
1013 3249 1248 3322 Monarchiee
1273 3251 1309 3319 in
1335 3271 1375 3320 se
1398 3256 1594 3342 spectatae,

262 3364 367 3435 scius
389 3366 485 3436 enim
511 3365 684 3438 Monarca
708 3375 828 3458 potest
851 3375 992 3440 rectum
1016 3370 1178 3458 regimen
1204 3388 1267 3458 per
1282 3367 1496 3438 eiectionem
1512 3366 1598 3435 aiio·

261 3501 345 3554 rum
368 3481 570 3573 instituere,
597 3483 664 3554 sed
688 3493 744 3554 est
768 3484 933 3556 deiectus
972 3484 1208 3556 Monarchiae
1242 3485 1362 3577 qualis
1397 3505 1508 3574 saepe
1531 3481 1596 3552 fuit

261 3596 305 3665 de
328 3598 433 3688 iacto,
462 3600 510 3668 uti
535 3607 674 3670 constat
698 3621 742 3671 ex
768 3600 929 3688 historia,
955 3621 1023 3673 seu
1048 3611 1105 3672 est
1127 3601 1294 3673 deiectus
1319 3602 1438 3691 ipsius
1454 3601 1598 3669 Monar-

261 3715 363 3804 chae,
390 3737 434 3786 ex
459 3714 619 3786 humana
642 3719 738 3787 enim
761 3719 953 3806 ambitione
978 3717 1026 3788 ilii
1053 3719 1113 3812 qui
1139 3719 1383 3791 auctoritatem
1407 3714 1598 3809 possident

260 3832 413 3902 tendunt
435 3831 628 3926 aliquando
652 3832 699 3902 ad
722 3837 973 3908 auctoritatem
997 3837 1033 3905 in
1058 3835 1193 3928 seipsis
1230 3832 1487 3923 unificendam,
1525 3853 1599 3903 non

262 3947 309 4018 ad
331 3931 582 4020 auctoritatem
605 3971 690 4021 cum
725 3951 807 4020 aliis
841 3951 1072 4031 dividendam
1109 3973 1175 4043 pro
1211 3951 1403 4024 sufficienti
1428 3949 1599 4021 exercitio

261 4066 461 4156 regiminis,
488 4066 616 4138 nolunt
639 4069 736 4140 enim
759 4067 1009 4139 auctoritatem
1035 4088 1142 4138 suam
1166 4067 1294 4154 minui,
1320 4075 1355 4138 et
1377 4068 1504 4137 timent
1536 4089 1600 4138 au-

262 4182 461 4253 ctoritatem
495 4184 658 4254 amittere
682 4185 714 4254 si
738 4184 950 4255 auctoritate
987 4185 1181 4256 abutantur
1205 4206 1291 4256 cum
1314 4185 1441 4275 piures
1464 4183 1509 4254 de
1533 4205 1598 4276 pu-

262 4296 367 4368 blicis
391 4299 545 4390 negotiis
564 4299 740 4390 judicent,
767 4309 800 4371 et
825 4300 896 4370 sint
915 4301 1080 4388 justitiae
1104 4300 1291 4372 custodes.

350 4418 513 4488 lamvero
538 4417 570 4486 si
594 4418 642 4488 ita
663 4418 862 4488 auctoritas
886 4415 1120 4490 Monarchica
1144 4425 1313 4489 sumatur
1337 4439 1423 4506 una,
1463 4427 1500 4490 ut
1524 4439 1598 4488 non

261 4542 473 4608 exerceatur
496 4553 560 4626 per
582 4535 823 4607 ministerium
847 4533 1013 4624 aliorum,
1052 4555 1126 4606 una
1159 4535 1357 4606 auctoritas
1396 4535 1463 4607 erit
1495 4535 1598 4607 nulia

261 4651 470 4740 auctoritas,
496 4658 530 4722 et
564 4650 714 4744 proinde
747 4673 821 4723 non
851 4651 917 4724 erit
940 4651 987 4722 ad
1011 4652 1146 4724 bonum
1170 4649 1237 4724 sed
1261 4649 1308 4722 ad
1332 4648 1474 4723 maium
1497 4671 1598 4726 com·

263 4789 387 4840 mune.
