4054 6322
1393 923 1452 1000 dd

307 1097 379 1191 lpsi
403 1107 525 1170 autem
550 1105 678 1170 contre
693 1098 903 1170 invasiones
921 1097 1247 1189 Longobardorum
1264 1096 1437 1169 Carolum
1456 1097 1549 1168 Mar-

215 1216 355 1306 tellum,
380 1224 416 1288 et
428 1215 594 1306 Pipleum
615 1215 884 1303 invocaverunt,
899 1215 972 1305 qui,
994 1217 1010 1256 ‘¹
1029 1217 1126 1286 vinto
1143 1215 1297 1300 Astolio,
1317 1214 1351 1284 lo
1367 1213 1548 1285 costrinsa

217 1335 234 1384 μ
261 1353 285 1404 a
308 1331 465 1423 cedergli
491 1353 565 1402 una
589 1339 689 1423 parte
712 1331 746 1402 di
771 1352 839 1402 sue
864 1332 1066 1424 conquisto,
1101 1329 1168 1402 che
1193 1351 1297 1402 come
1322 1339 1452 1420 troppo
1475 1331 1552 1401 lon-

218 1452 235 1490 “
262 1457 347 1520 tana
377 1447 436 1520 dal
463 1449 605 1520 novello
629 1447 802 1539 padrone,
827 1447 865 1519 lu
890 1449 946 1540 poi
973 1445 1120 1518 allidata
1158 1447 1552 1518 all'amministrazlone

218 1567 235 1604 “
263 1564 361 1636 dello
384 1571 508 1636 stesso
532 1563 714 1638 Pontellce
738 1563 883 1636 Stelano
906 1563 973 1634 ΙΙΙ.
1008 1611 1083 1653 „....
1116 1564 1250 1634 Postea
1285 1561 1440 1634 Carolus
1476 1563 1552 1632 Ma·

220 1683 237 1720 “
265 1701 364 1772 gnus
390 1680 616 1754 confirmavit
642 1681 657 1720 “
684 1679 718 1752 le
741 1679 929 1777 donazioni
954 1682 1022 1750 ohe
1045 1677 1091 1750 da
1116 1679 1242 1771 Pipino
1266 1701 1356 1751 evea
1380 1685 1487 1748 erute
1518 1678 1552 1748 la

221 1798 238 1835 ⁴·
263 1797 409 1868 Chiesa.
440 1851 455 1886 „
482 1797 641 1869 Tantum
664 1817 748 1867 cum
775 1797 790 1834 “
815 1794 996 1866 tant'oltre
1014 1817 1076 1866 era
1100 1795 1227 1886 giunto
1252 1794 1498 1866 l’invilimentc
1514 1794 1551 1866 in

214 1916 231 1952 ‘⁴
265 1914 372 1986 Italia
394 1913 488 1984 della
513 1911 678 2004 lmperial
702 1911 850 2004 dignita,
876 1911 944 1984 che
968 1935 1017 1984 un
1042 1913 1144 1983 Duce
1166 1911 1201 1980 di
1226 1913 1436 1982 Benevento
1460 1933 1553 1982 avae

224 2033 240 2070 ‘⁴
268 2039 372 2101 oseto
394 2037 497 2102 tener
520 2029 739 2121 prigionlero
762 2027 866 2119 Luigi
895 2027 951 2114 ll.‚
979 2029 988 2096 i
1013 2027 1168 2098 Romani
1205 2027 1267 2120 piu
1292 2049 1366 2099 non
1390 2027 1422 2098 sl
1446 2048 1550 2098 cura·

219 2147 236 2186 “
264 2167 354 2217 rono
378 2146 445 2218 che
469 2145 713 2238 l’lmpcratore
737 2145 987 2218 conformasse
1011 2147 1044 2216 le
1069 2145 1217 2216 elezioni
1230 2143 1286 2214 dei
1303 2145 1389 2236 Papi
1408 2143 1440 2215 le
1453 2143 1551 2236 quali

220 2265 236 2302 “
264 2283 328 2356 per
350 2261 469 2334 dirltto
493 2247 744 2356 dipenderano
768 2261 997 2334 unicamente
1020 2261 1079 2332 dal
1102 2263 1245 2333 Olero...
1275 2315 1291 2353 „

287 2489 363 2558 Art.
391 2487 436 2558 ll.
459 2529 499 2542 -
517 2489 560 2560 lle
583 2487 786 2565 mopsien
808 2487 913 2560 clrlll·
935 2489 1131 2576 principatus
1158 2487 1276 2560 surani
1300 2487 1475 2562 rumen.

311 2715 393 2784 Non
419 2713 600 2804 loquimur
622 2711 667 2782 de
693 2711 909 2784 necessitate
933 2711 1113 2798 absoluta,
1141 2719 1180 2784 ut
1204 2733 1333 2804 nempe
1357 2713 1404 2783 sit
1428 2713 1550 2784 Eccle-

221 2831 291 2919 sia,
317 2829 484 2902 Ecclesia
508 2827 603 2899 enim
619 2835 739 2920 potest
761 2829 916 2900 existere
939 2828 1048 2900 etiam
1072 2829 1151 2900 sine
1168 2827 1327 2900 dominio
1349 2830 1550 2920 temporali,

218 2945 315 3022 sicut
338 2946 453 3017 extitit
469 2944 597 3036 primis
612 2943 730 3014 tribus
747 2945 919 3029 saeculis,
939 2943 1095 3016 dicimus
1111 2954 1232 3018 tamen
1248 2945 1449 3018 dominium
1465 2951 1553 3016 tcm-

220 3062 345 3154 porale
369 3081 453 3134 esec
478 3061 729 3132 necessarium
754 3067 792 3132 ut
817 3061 907 3134 bene
932 3061 978 3132 sit
994 3061 1171 3134 Ecclesia.
1199 3061 1364 3134 Ecclesia
1388 3061 1484 3134 enim
1501 3062 1553 3131 in-

217 3177 314 3268 diget
336 3176 495 3252 dominio
518 3175 704 3266 temporali
729 3183 768 3250 ut
783 3178 832 3246 sit
848 3177 953 3268 plene
978 3177 1102 3266 libera,
1125 3177 1262 3248 scilicet
1284 3199 1350 3268 pro
1367 3199 1440 3250 suo
1455 3185 1551 3250 statu

217 3291 388 3382 normali,
415 3299 536 3364 statue
558 3292 654 3364 enim
678 3313 751 3384 quo
767 3291 936 3365 Christus
960 3294 1140 3366 Dominus
1165 3293 1241 3365 vult
1256 3314 1342 3367 esse
1362 3315 1470 3366 suam
1486 3295 1553 3364 Eo·

216 3409 382 3495 alesiam,
409 3430 482 3482 non
506 3417 563 3482 est
579 3415 699 3480 slatus
723 3407 910 3482 servitutis
934 3410 1000 3482 sed
1017 3409 1145 3499 plenae
1169 3409 1356 3498 libertatis,
1381 3409 1428 3480 sd
1443 3431 1552 3502 quem

218 3526 418 3602 libertatem
456 3523 660 3596 habendam
706 3509 959 3598 necessarium
997 3532 1054 3598 est
1091 3525 1292 3598 dominium
1339 3525 1549 3618 temporale,

217 3663 350 3734 nempe
382 3649 420 3714 ut
444 3661 575 3714 omnes
599 3639 679 3712 sine
717 3639 975 3733 impedimento
1010 3642 1152 3714 valeant
1175 3643 1222 3713 ad
1246 3665 1326 3714 eam
1362 3641 1549 3732 accedere,

216 3779 305 3832 curn
329 3779 444 3850 eaque
461 3757 743 3848 communicare,
770 3764 805 3828 et
821 3757 902 3848 ipsa
925 3757 1092 3830 Ecclesia
1116 3760 1232 3830 valeat
1247 3759 1419 3847 omnibus
1444 3780 1550 3830 suern
1644 3803 1646 3808 -

219 3874 442 3944 voluntatem
466 3871 699 3944 manifestare
723 3873 862 3964 absque
887 3873 961 3946 ullo
984 3875 1145 3965 periculo
1171 3897 1236 3964 pro
1259 3895 1301 3946 se
1325 3876 1478 3964 suisque
1502 3877 1552 3946 oi·

219 3989 412 4076 finalibus,
439 3997 474 4058 et
496 3988 581 4080 quin
598 3995 763 4062 concalui
786 3989 970 4080 respicere
986 3989 1033 4060 ad
1049 3989 1198 4062 modurn
1225 4012 1298 4082 quo
1322 3992 1402 4064 eius
1427 3991 1554 4063 volun·

221 4113 280 4178 tas
304 4103 396 4178 toret
427 4113 646 4196 susceptura
669 4106 715 4176 ab
739 4105 784 4176 iis
806 4105 866 4198 qui
891 4107 1049 4178 extranei
1085 4115 1172 4178 eunt
1206 4107 1373 4198 negotio,
1397 4105 1490 4180 adeo
1514 4115 1554 4179 ut

220 4243 293 4294 non
319 4219 447 4292 debeat
469 4229 589 4294 tacere
612 4221 658 4292 ad
681 4223 822 4311 majora
853 4223 950 4294 mala
972 4221 1135 4294 cavenda
1166 4245 1259 4311 quaa
1291 4246 1355 4315 per
1377 4223 1550 4297 accidens

219 4335 351 4416 exinde
374 4343 626 4430 sequerentur.

314 4452 362 4526 Ut
386 4454 566 4528 Summus
589 4453 752 4526 Pontifex
776 4455 881 4546 plene
905 4455 952 4526 sit
976 4455 1064 4527 liber
1087 4457 1339 4529 necessarium
1363 4463 1421 4529 ast
1444 4465 1483 4528 ut
1506 4458 1554 4527 sil

220 4569 405 4662 Princeps,
425 4567 622 4660 etquidem
645 4571 770 4642 status
786 4571 943 4644 alicuius
960 4573 1146 4661 momenti,
1163 4573 1283 4644 habita
1298 4573 1436 4645 ratione
1451 4573 1552 4644 Prin-

222 4685 410 4776 cipatuum
432 4685 760 4774 circumstantium,
786 4687 818 4758 si
842 4689 939 4759 enim
962 4687 1212 4760 tantummodo
1236 4688 1497 4762 concederetur
1520 4689 1551 4760 ei

220 4799 432 4874 immunitas
455 4801 683 4893 personalis,
709 4808 744 4874 et
767 4803 892 4892 regius
924 4803 1065 4890 honor,
1091 4825 1239 4894 semper
1269 4813 1369 4876 esset
1392 4805 1428 4874 in
1453 4803 1551 4877 illius

219 4922 397 5012 potestate
427 4917 487 5012 qui
512 4917 548 4988 in
572 4916 750 4991 territorio
781 4917 1039 5010 dominaretur,
1073 4918 1156 4992 hinc
1179 4919 1226 4992 ad
1250 4941 1436 4994 summum
1459 4942 1549 5013 geu·
