4054 6322
1394 904 1441 980 et

203 1101 300 1178 quae
324 1083 398 1156 sint
431 1083 641 1156 conformes
677 1083 822 1176 legibus
855 1083 1056 1170 Ecclesiae,
1083 1091 1122 1156 ut
1146 1091 1222 1156 tuta
1246 1085 1291 1154 sit
1315 1083 1540 1157 conscientia

204 1209 241 1270 et
261 1200 413 1290 justitia.
429 1263 432 1270 .

215 1371 218 1384 .
295 1318 459 1388 Libertas
484 1317 628 1406 civium,
657 1317 705 1387 uti
730 1319 850 1388 evenit
873 1319 908 1388 in
934 1317 1096 1390 Statibus
1121 1318 1241 1390 Unitis
1257 1317 1447 1388 Americae
1479 1317 1540 1386 Sa·

205 1433 454 1526 ptentrionalis
478 1433 626 1505 includit
651 1434 909 1526 protectionem
944 1433 1139 1526 quamdam
1175 1433 1226 1505 rei
1252 1433 1537 1521 ecclesiasticae,

204 1551 291 1638 quia
316 1549 463 1621 libertas
488 1549 621 1622 civium
649 1557 809 1642 protecta
831 1573 854 1621 a
877 1551 982 1622 Statu
1012 1549 1072 1621 dat
1102 1549 1361 1644 protectionem
1393 1549 1540 1619 aetioni-

204 1665 277 1737 bus
299 1667 446 1756 civium,
471 1675 506 1738 ot
530 1667 679 1760 proinde
704 1667 812 1738 etiam
836 1669 934 1738 circa
958 1689 1119 1761 eaquae
1143 1668 1243 1738 cives
1266 1667 1393 1738 ineunt
1416 1672 1451 1734 in
1477 1667 1539 1738 bc·

205 1803 295 1854 nurn
321 1781 508 1856 Ecclesiae
532 1783 697 1856 instructi
723 1791 757 1856 et
780 1781 906 1856 directi
931 1785 977 1855 ab
1003 1784 1181 1856 Ecclesia.

295 1899 347 1970 lta
369 1899 501 1994 incepit
524 1907 559 1972 et
582 1901 713 1974 crescit
736 1899 915 1973 catholiea
939 1901 1081 1994 Religio
1106 1901 1141 1970 in
1167 1901 1329 1971 Statibus
1353 1899 1486 1986 Unitis,
1505 1907 1541 1971 et

203 2013 351 2110 quando
375 2015 509 2109 aliquid
535 2018 722 2112 spirituale
747 2019 895 2090 venitin
913 2018 1120 2090 conflictum
1138 2037 1224 2089 curn
1241 2017 1385 2108 legibus
1402 2017 1538 2104 Statue,

204 2131 306 2203 cives
328 2155 377 2204 ex
401 2155 471 2204 sua
494 2133 680 2206 influentia
705 2135 739 2206 in
765 2135 866 2226 leges
891 2135 1027 2222 Status,
1055 2135 1217 2206 obtinent
1239 2133 1335 2228 quod
1367 2154 1538 2205 necessa-

203 2247 300 2318 rium
323 2257 381 2320 est
404 2271 468 2340 pro
492 2249 564 2322 fine
589 2251 780 2342 spirituali.
1031 2238 1034 2254 '

296 2365 333 2436 lu
359 2365 518 2437 statibus
535 2365 653 2438 Unitis
671 2367 877 2439 verificatur
893 2369 1015 2460 aliquo
1042 2367 1152 2440 modo
1178 2367 1334 2440 formula
1358 2367 1394 2436 in
1419 2387 1535 2438 sensu
1630 2457 1631 2460 Ἴ

204 2481 378 2574 superius
402 2481 578 2572 admisso,
604 2483 699 2576 quod
725 2505 855 2576 nempe
880 2485 1047 2556 Ecclesia
1071 2485 1119 2554 sit
1143 2483 1266 2572 libera,
1293 2503 1377 2554 curn
1394 2483 1536 2554 liberta·

202 2607 276 2670 tem
300 2597 455 2670 habeant
478 2599 578 2670 cives
602 2601 637 2670 in
663 2603 777 2672 Statu.
804 2600 914 2673 Cives
939 2603 1036 2671 enim
1071 2608 1217 2674 utentes
1241 2599 1333 2670 civili
1360 2599 1535 2690 libertate,

203 2723 401 2808 procurant
423 2723 458 2785 et
481 2716 640 2787 obtinent
665 2717 924 2808 protectionem
948 2717 1152 2807 Religionis
1175 2739 1197 2786 a
1222 2715 1365 2807 legibus
1401 2718 1537 2804 Status,

203 2853 288 2903 cum
312 2832 408 2902 enim
432 2833 533 2902 cives
558 2813 630 2904 sint
653 2834 765 2920 liberi,
792 2841 826 2904 et
850 2834 919 2924 ipsi
945 2855 1009 2925 per
1033 2840 1350 2924 repraesentantes
1381 2832 1540 2904 condant

204 2949 319 3040 leges,
345 2949 507 3040 sequitur
530 2949 632 3040 leges
656 2949 813 3022 condere
837 2971 949 3042 posse
976 2952 1010 3020 in
1037 2952 1294 3040 protectionem
1321 2950 1536 3040 Religionis.

164 3123 168 3132 .
203 3065 387 3136 Diximus
397 3074 518 3136 tamen
542 3066 638 3160 quod
665 3067 695 3136 si
721 3067 825 3158 leges
849 3068 974 3138 civiles
1000 3089 1072 3138 non
1097 3075 1364 3159 componantur
1380 3087 1465 3140 cum
1490 3067 1539 3136 le·

203 3182 313 3274 gibus
339 3181 540 3270 Ecclesiae,
567 3183 634 3252 hoc
659 3182 837 3255 redundat
861 3184 896 3256 in
922 3183 1203 3277 oppressionem
1228 3183 1428 3268 Ecclesiae,
1453 3183 1538 3276 quia
1635 3203 1636 3208 ¹

204 3299 306 3390 leges
330 3296 456 3369 civiles
479 3295 612 3370 habent
636 3299 708 3370 rim
728 3299 884 3391 cogendi
911 3299 1088 3372 subditos.
1126 3301 1294 3372 lamvero
1319 3301 1353 3369 in
1378 3299 1538 3371 Statibus

204 3413 326 3486 Unitis
348 3413 438 3486 haec
454 3416 670 3507 compositio
687 3417 905 3506 verificatur,
923 3419 974 3488 uti
993 3419 1113 3490 evenit
1127 3419 1163 3488 in
1180 3417 1349 3508 exemplo
1366 3417 1403 3486 P.
1423 3415 1535 3488 Kohl-

204 3531 374 3602 marubi
398 3532 458 3603 lex
494 3533 618 3604 Status
649 3534 761 3604 cessit
794 3534 870 3604 luri
903 3531 1099 3622 Canonioo,
1135 3541 1169 3604 et
1204 3533 1239 3602 in
1274 3533 1345 3603 alio
1369 3534 1536 3625 exemplo

202 3648 361 3739 Monsig·
387 3647 542 3739 Hugues
577 3648 852 3743 Archiepiscopi
893 3653 986 3724 New
1026 3652 1127 3722 York
1152 3650 1212 3742 qui
1248 3649 1400 3721 obtinuit
1429 3650 1537 3722 aSe·

202 3771 291 3836 natu
314 3765 547 3838 abolitionem
570 3768 663 3857 legis
687 3767 722 3836 in
748 3766 871 3838 odium
896 3768 1083 3838 Ecclesiae
1107 3774 1294 3859 promotae
1318 3768 1363 3838 ab
1387 3768 1535 3861 illisqui

202 3903 289 3954 sese
314 3883 492 3953 vocabant
515 3883 636 3955 Know
661 3883 811 3974 nothing
837 3891 1010 3972 (conosoo
1034 3884 1164 3972 nulla),
1184 3905 1252 3954 seu
1268 3884 1313 3954 ab
1330 3884 1533 3956 indifferen-

200 3999 308 4072 tistis·
333 4000 471 4073 Pariter
493 4001 706 4092 Polygamia
728 3999 793 4072 fuit
817 4001 952 4090 rejecta
975 4002 1011 4070 in
1035 4001 1230 4089 rejectione
1256 4001 1528 4072 Mormcnismi.

201 4115 413 4208 Explicatur
435 4126 559 4189 autern
581 4118 763 4210 quomedo
790 4118 824 4187 in
842 4117 1009 4188 -Statibus
1033 4117 1154 4189 Unitis
1188 4139 1261 4188 non
1298 4117 1473 4190 habeatur
1497 4141 1534 4189 a·

201 4231 299 4305 dhuc
323 4233 479 4326 perlecta
501 4235 728 4326 compositio,
749 4227 841 4304 inter
865 4235 967 4325 leges
991 4235 1117 4306 Status
1145 4244 1180 4307 et
1203 4235 1306 4325 leges
1330 4234 1534 4322 Ecclesiae,

202 4353 294 4422 ratio
317 4354 480 4440 estquis
502 4353 601 4422 cives
625 4352 659 4444 in
685 4351 843 4422 Statibus
869 4349 988 4424 Unitis
1012 4359 1188 4423 ncnxsunt
1206 4371 1335 4422 omnes
1357 4351 1537 4424 catholici.

204 4467 344 4542 Tamen
359 4489 444 4544 cum
459 4469 560 4540 cives
583 4470 654 4540 sint
678 4469 792 4556 liberi,
820 4469 966 4539 libertas
1002 4468 1130 4539 Status
1166 4489 1238 4542 non
1269 4467 1392 4540 recidit
1416 4469 1451 4539 in
1476 4489 1538 4560 op·

203 4585 434 4679 pressionem
456 4585 657 4674 Ecclesiae,
684 4608 750 4659 nec
775 4595 831 4658 est
855 4589 1037 4678 separatio
1061 4586 1186 4656 Status
1211 4587 1256 4656 ab
1274 4585 1452 4674 Ecclesia,
1472 4583 1539 4656 sed

204 4711 263 4774 est
277 4703 491 4797 obsequium
507 4711 541 4774 et
557 4704 732 4795 protectio
757 4705 942 4775 Ecclesiae
962 4705 1069 4792 juxta
1086 4704 1232 4774 volitum
1245 4703 1379 4774 civium
1391 4704 1451 4794 qui
1469 4702 1538 4793 ipsi

204 4819 306 4910 loges
330 4817 500 4890 condunt.
526 4817 843 4924 Hootobsequium
870 4826 905 4890 et
927 4820 1102 4912 protectio
1134 4830 1264 4908 tamen,
1304 4825 1465 4891 remanet
1499 4842 1540 4890 a·

202 4933 294 5006 dhuc
318 4935 524 5030 imperfecta
548 4959 635 5028 erga
660 4936 864 5008 Ecclesiam
888 4936 1125 5024 catholicam,
1152 4959 1237 5008 oum
1254 4938 1355 5008 cives
1373 4956 1445 5014 non
1465 4935 1538 5010 sint
