4054 6322
829 1049 905 1117 Art.
932 1045 992 1115 Ili.
1013 1085 1055 1098 -
1073 1048 1117 1118 tie
1140 1047 1265 1136 lirinine
1290 1047 1516 1124 Auctoritatis.

503 1257 715 1312 uiicriiitiros
732 1258 793 1311 EST
811 1259 830 1310 i
850 1258 919 1312 lieo
938 1258 1096 1312 AUCTORE
1115 1257 1312 1316 mutuantis
1332 1259 1539 1312 renuentia
1566 1259 1611 1312 uti
1628 1257 1841 1312 sociaturum

567 1384 767 1453 intuuntur,
788 1385 830 1434 itu
848 1387 867 1436 Α
888 1383 994 1436 uteru
1012 1383 1287 1446 Dareitttttturirit
1306 1383 1532 1436 ΤΕΝΒΕΝΙῚΑΜ
1551 1383 1779 1438 Noouanton.

593 1610 762 1682 Diximus
793 1611 1004 1682 societatem
1030 1609 1164 1682 habere
1199 1611 1379 1704 originem
1401 1632 1448 1681 ex
1472 1612 1626 1682 naturali
1657 1609 1839 1682 tendentia

498 1727 545 1798 ad
576 1729 786 1798 societatem
822 1727 1030 1810 ineundam,
1058 1735 1092 1800 et
1115 1749 1161 1798 ex
1194 1727 1492 1804 determinatione
1528 1727 1687 1799 humana
1722 1725 1837 1801 deter-

498 1846 660 1916 minante
696 1845 900 1916 naturalem
930 1845 1216 1929 inclinationem,
1241 1866 1325 1940 quea
1356 1844 1605 1914 determinatio
1628 1853 1685 1914 est
1709 1845 1833 1934 libera,

498 1967 615 2052 potest
637 1959 734 2030 enim
758 1959 867 2030 homo
891 1969 926 2030 et
950 1980 1021 2030 non
1047 1969 1166 2052 potest
1190 1962 1225 2030 in
1241 1961 1414 2032 societate
1438 1961 1559 2032 vivere
1579 1961 1836 2034 nonobstante

497 2085 648 2147 naturae
672 2075 914 2146 inclinatione.
941 2077 996 2146 Ex
1021 2076 1148 2146 eadem
1175 2077 1328 2150 naturali
1358 2075 1589 2149 inclinatione
1614 2085 1649 2145 et
1672 2098 1717 2146 ex
1743 2077 1835 2146 lactc

498 2193 612 2262 oritur
623 2192 832 2262 auctoritas.
849 2190 941 2262 Cum
953 2193 1049 2262 enim
1064 2193 1259 2266 auctoritas
1273 2193 1320 2262 sit
1333 2191 1551 2264 elementum
1564 2193 1834 2263 constitutivum

497 2308 691 2398 societatiS,
719 2329 765 2378 ex
796 2327 840 2378 eo
864 2307 944 2399 ipso
968 2330 1040 2399 quo
1065 2309 1178 2378 oritur
1208 2309 1377 2394 societas,
1415 2309 1529 2380 oritur
1564 2317 1599 2378 et
1634 2309 1831 2378 auctoritas

496 2407 671 2518 duaeest
693 2426 828 2496 unitiva
863 2425 1110 2496 membrorum
1144 2427 1178 2494 in
1204 2426 1380 2496 societate
1404 2424 1450 2494 ad
1474 2424 1758 2516 conspirandum
1789 2423 1833 2493 ad

497 2541 633 2613 bonum
657 2546 864 2613 commune:
892 2543 1101 2611 Auctoritas
1125 2563 1215 2635 ergo
1240 2543 1399 2611 oritura
1423 2537 1499 2614 Deo
1524 2551 1693 2632 tanquam
1710 2539 1755 2610 ab
1771 2561 1834 2610 au·

495 2645 593 2729 <itere
616 2657 791 2728 naturalis
815 2657 1034 2743 tendentiae,
1054 2665 1089 2726 el
1104 2679 1126 2725 a
1143 2656 1254 2726 libero
1272 2657 1366 2726 iacto
1390 2657 1552 2728 humano
1569 2665 1736 2727 actuante
1760 2665 1834 2726 ten-

494 2773 656 2844 dentiam
681 2769 896 2844 naturalem.
1100 2773 1103 2790 ¹

584 2873 723 2982 Nempe
748 2892 777 2959 si
804 2888 908 2961 adeat
931 2893 1108 2961 naturalis
1133 2889 1318 2962 tendentia
1354 2889 1399 2960 ad
1425 2891 1533 2962 vitam
1563 2889 1764 2976 socialem,v
1784 2888 1830 2958 ad

489 2999 630 3104 'bonum
664 3027 858 3078 commune
894 3005 1141 3094 obtinendum,
1169 3007 1198 3076 ei
1224 3006 1269 3076 ad
1295 3007 1530 3088 obtinendum
1568 3007 1704 3079 bonum
1735 3027 1831 3076 com·

494 3145 604 3193 mune
627 3134 683 3193 est
707 3117 918 3193 necessaria
941 3124 1174 3215 conspiratio,
1194 3125 1223 3192 si
1242 3123 1288 3193 ad
1304 3119 1589 3214 conspirandum
1624 3130 1680 3192 est
1704 3143 1829 3193 neces·

492 3241 590 3310 saria
613 3241 823 3326 auctoritare,
849 3239 954 3310 adest
977 3240 1084 3312 eiiam
1110 3239 1287 3310 naturalis
1312 3239 1493 3309 tendentia
1509 3237 1555 3310 ad
1572 3239 1828 3328 auctoritatem

493 3356 707 3431 habandam.
735 3357 867 3428 lterum
892 3357 922 3426 si
948 3356 993 3426 ad
1017 3355 1234 3442 actuandam
1261 3357 1353 3426 trano
1378 3357 1582 3431 naturalem
1611 3354 1829 3425 tendentiam

493 3477 529 3544 in
553 3473 759 3544 hominibus
777 3474 916 3543 vivendi
943 3475 977 3542 in
1002 3475 1174 3547 societate
1191 3481 1247 3544 ost
1263 3473 1516 3545 necessarium
1551 3473 1686 3548 lactum
1717 3473 1829 3544 homi-

492 3613 580 3662 num
603 3591 851 3662 determinans
876 3590 969 3660 hanc
993 3591 1196 3662 naturalem
1220 3589 1453 3678 tendentiam,
1479 3589 1524 3660 dc
1548 3590 1642 3662 iacto
1666 3589 1824 3661 ineundo

388 3745 404 3793 e
491 3703 714 3796 societatem,
743 3692 818 3800 pari
843 3707 952 3777 modo
976 3708 1229 3782 necessarium
1255 3707 1473 3777 estfactum
1497 3704 1686 3782 hominum
1713 3707 1830 3777 deter-

490 3827 634 3926 minans
659 3826 862 3895 naturalem
886 3825 1105 3896 tendentiam
1130 3824 1175 3894 ad
1208 3822 1411 3894 habendam
1450 3823 1702 3896 auctoritatem
1740 3845 1823 3915 quae

489 3918 552 4040 eat
568 3943 784 4012 elementum
809 3942 1084 4016 constitutivum
1109 3940 1311 4014 societatis.
1418 3937 1424 3956 ''

496 4055 499 4062 “
578 4055 786 4130 Auctoritas
810 4065 898 4149 ergo·
920 4057 1228 4150 quemadmodum
1254 4057 1414 4128 societas
1440 4057 1553 4128 oritur
1570 4081 1592 4127 a
1610 4057 1685 4132 Deo
1709 4065 1748 4126 ut
1764 4077 1829 4126 au·

488 4155 566 4246 ctor
589 4165 765 4245 naturalis
789 4175 992 4251 tendentiae
1019 4172 1159 4245 vivendi
1194 4179 1229 4242 ln
1259 4173 1444 4258 societate,
1472 4184 1505 4243 et
1530 4195 1551 4243 a
1576 4172 1688 4246 libera
1714 4172 1828 4242 homi·

487 4313 575 4362 num
600 4293 781 4361 voluntate
805 4299 974 4362 actuanle
998 4291 1202 4361 naturalem
1226 4290 1448 4361 tendentiam
1474 4312 1539 4381 per
1566 4289 1701 4366 lactum
1719 4310 1824 4359 asso·

486 4408 664 4497 clationis,
691 4409 725 4479 in
749 4431 821 4500 qua
843 4407 1025 4479 tendentia
1056 4418 1090 4478 et
1127 4408 1221 4478 lacto
1256 4405 1515 4478 associationie
1547 4409 1752 4480 continetur
1792 4417 1826 4504 et

486 4524 668 4596 tendentia
691 4535 725 4596 et
749 4525 882 4602 iactum
908 4526 1179 4598 constitutivum
1204 4525 1429 4597 auctoritatis
1453 4532 1621 4616 quaeest
1645 4524 1681 4597 in
1705 4523 1823 4594 socie·

488 4651 558 4716 tate
582 4641 855 4714 conetitutiuum
880 4642 1112 4714 elementum.
