4054 6322
218 1035 517 1130 impedimentum
541 1034 607 1108 sed
631 1035 833 1108 ordinatrix
858 1036 1042 1108 actionum
1070 1034 1116 1104 ad
1147 1015 1257 1106 linem
1295 1033 1475 1122 ultimum,
1509 1034 1557 1104 ita

222 1153 389 1224 Ecclesia
412 1152 563 1224 rationis
588 1160 622 1222 et
645 1152 893 1223 Revelationis
918 1152 990 1224 fida
1017 1152 1198 1244 interpres
1237 1158 1272 1224 et
1310 1150 1555 1222 conscientiae

218 1269 405 1356 directrix,
431 1291 504 1340 non
528 1269 650 1340 solum
670 1277 810 1340 nonest
825 1268 1124 1362 impedimentum
1141 1290 1365 1361 progressus
1383 1269 1419 1338 in
1436 1269 1552 1356 Statu,

217 1387 282 1458 sed
306 1386 464 1458 validum
487 1385 675 1472 auxilium,
702 1407 787 1457 cum
812 1387 859 1456 sit
883 1385 1024 1458 ordinis
1047 1393 1081 1458 et
1094 1385 1256 1476 justitiae
1275 1384 1454 1455 fidissima
1471 1405 1555 1454 cus·

217 1511 297 1592 tos,
336 1511 370 1574 et
410 1511 507 1574 recta
543 1501 730 1572 moralitas
753 1511 787 1572 et
808 1503 949 1593 justitia
984 1504 1031 1574 sit
1056 1523 1184 1575 verum
1208 1501 1484 1573 fundamentum
1518 1501 1553 1570 in

216 1619 408 1690 Societate.
435 1618 564 1690 Status
581 1639 669 1710 ergo
691 1641 765 1690 non
791 1618 895 1692 debet
919 1639 960 1692 se
986 1641 1159 1712 separare
1184 1619 1229 1689 ab
1270 1618 1465 1714 Ecclesia,
1486 1616 1553 1688 sed

215 1737 263 1806 ab
287 1737 451 1808 Ecclesia
475 1743 648 1828 tanquam
672 1735 808 1807 lumine
832 1735 949 1828 dirigi,
976 1745 1010 1808 et
1034 1737 1222 1808 Ecclesiae
1260 1736 1384 1806 lumini
1425 1735 1554 1806 subor-

216 1817 345 1924 aibaa.
372 1851 473 1932 ouon
499 1853 530 1922 sr
555 1851 710 1922 ministri
735 1853 923 1925 acclesiae
949 1853 1069 1948 culpis
1094 1854 1167 1924 sint
1202 1853 1360 1940 obnoxii,
1386 1873 1459 1924 non
1492 1852 1552 1922 ou-

216 1975 335 2039 stante
360 1969 589 2060 professione
629 1969 858 2042 rectitudinis
883 1978 917 2041 et
942 1971 1083 2042 virtutis
1115 1971 1248 2062 quibus
1283 1970 1489 2060 alligantur,
1531 1993 1553 2038 a

215 2085 321 2156 Statu
344 2107 474 2177 parum
498 2094 553 2156 est
577 2085 776 2157 timendum
800 2086 845 2157 de
871 2088 1112 2178 oppressione
1138 2087 1337 2174 Ecclesiae,
1363 2107 1449 2158 cum
1486 2087 1552 2156 Ec-

215 2202 330 2273 clesia
354 2203 432 2273 sine
455 2203 569 2273 armis
593 2203 741 2275 uniatur
766 2205 894 2285 Statui,
919 2214 952 2274 et
977 2225 1122 2275 omnem
1146 2203 1219 2274 vim
1245 2203 1373 2274 habeat
1397 2203 1432 2272 in
1447 2203 1551 2273 liber·

175 2397 179 2406 ¹
218 2325 289 2388 tata
314 2317 486 2407 tidelium,
512 2327 546 2389 et
570 2325 748 2412 potestate
774 2321 947 2406 veritatis,
969 2321 1146 2410 justitiae,
1172 2329 1207 2390 et
1231 2319 1383 2390 virtutis.

306 2433 397 2513 Quid
423 2435 624 2525 intelligunt
649 2457 712 2526 per
738 2437 753 2474 “
780 2437 915 2508 Libero
941 2440 1046 2510 Stolo
1073 2439 1118 2526 ,P
1142 2437 1188 2508 Ut
1216 2437 1341 2508 Status
1358 2435 1404 2506 sit
1421 2457 1549 2508 revera

217 2548 308 2620 liber
331 2551 524 2642 requiritur
549 2552 620 2620 sint
646 2551 745 2622 liberl
770 2553 882 2640 cives,
904 2553 1073 2642 jamvero
1098 2553 1130 2623 si
1156 2553 1256 2622 liberi
1283 2553 1355 2623 sint
1378 2552 1491 2640 cives,
1510 2553 1547 2620 li-

215 2667 303 2738 bera
329 2687 415 2738 vera
436 2667 602 2738 libertate
627 2670 692 2738 erit
717 2670 894 2754 Ecclesia,
920 2670 1005 2763 quia
1036 2671 1137 2740 cives
1161 2663 1447 2740 subordinantur
1483 2670 1549 2739 Ec·

214 2783 362 2855 clasiae.
389 2783 445 2854 Ita
468 2785 584 2856 evenit
609 2787 643 2856 in
669 2785 832 2856 Statibus
859 2787 977 2856 Unitis
1001 2787 1061 2857 ubi
1086 2785 1258 2856 Catholici
1289 2807 1333 2856 ea
1369 2807 1442 2878 qua
1474 2786 1548 2876 pol·
1597 2806 1601 2814 ·

213 2897 292 2969 lent
316 2899 477 2970 libertate
502 2901 786 2972 subordinantur
812 2903 1012 2990 Ecclesiae,
1031 2902 1127 2995 quod
1153 2924 1223 2972 non
1249 2909 1405 2994 possunt
1429 2899 1547 2972 facere
1676 2985 1684 2998 .

209 3014 247 3082 in
270 3015 487 3085 Nationibus
510 3015 813 3104 ProtestantibuS,
841 3021 874 3088 in
893 3019 1035 3110 Anglia,
1063 3018 1098 3087 in
1123 3017 1306 3105 Hibernia,
1335 3018 1370 3086 in
1394 3017 1546 3088 Germa·

209 3129 283 3217 nia,
308 3131 392 3224 quia
418 3130 486 3201 hac
511 3131 673 3204 libertate
696 3142 832 3206 carent.

301 3247 414 3319 Multo
439 3249 558 3338 magis
583 3250 868 3322 subordinantur
893 3251 1083 3324 Ecclesiae
1122 3253 1204 3324 novi
1242 3251 1364 3345 populi
1400 3251 1461 3342 qui
1500 3250 1546 3321 ad
1580 3247 1585 3256 '

210 3342 336 3436 Fidem
360 3372 621 3436 convertuntur
644 3365 679 3436 in
708 3367 806 3438 lndia
829 3377 863 3440 et
879 3369 961 3440 aliis
984 3369 1208 3460 regionibus,
1223 3369 1308 3462 quia
1326 3376 1411 3440 sunt
1428 3368 1542 3439 liberi.

209 3479 249 3550 Si
273 3501 361 3572 ergo
385 3481 509 3552 Status
534 3490 634 3564 esset
661 3483 764 3572 liber,
791 3483 885 3556 idest
908 3485 1008 3556 cives
1032 3485 1233 3576 gauderent
1258 3507 1343 3556 vera
1367 3485 1543 3570 libertate,

204 3595 284 3684 jam
309 3601 344 3667 et
368 3618 454 3666 vera
478 3597 638 3669 libertate
651 3597 826 3688 gauderet
845 3601 1021 3690 Ecclesia,
1042 3623 1114 3672 non
1129 3601 1370 3694 separationis
1387 3624 1409 3670 a
1425 3601 1542 3687 Statu,

208 3710 276 3782 sed
299 3712 608 3784 subordinationis
632 3717 765 3786 civium
789 3725 824 3786 et
847 3717 996 3808 proinde
1022 3719 1148 3790 Status
1172 3741 1259 3810 erga
1277 3719 1492 3790 Ecclesiam.

258 3903 385 3957 srlrus
410 3905 608 3960 ssrlnlrus
633 3909 677 3959 aa
704 3909 865 3962 accursu
893 3911 963 3964 nou
992 3911 1117 3966 roresr
1145 3913 1308 3965 rasores
1336 3915 1381 3966 lo
1402 3913 1493 3968 suuu

642 4017 752 4086 imm
778 4033 850 4088 rusr
878 4036 1108 4090 rursnrncrr.

300 4186 314 4222 “
341 4185 509 4256 Lucerna
533 4186 687 4276 pedibus
710 4189 804 4260 meis
829 4192 980 4262 verbum
1004 4201 1119 4264 tuum.
1147 4247 1163 4283 ,
1191 4196 1357 4267 Ecclesia
1381 4205 1437 4268 est
1466 4222 1542 4270 ma-

206 4301 322 4392 gistra
346 4301 572 4391 moralitatis,
598 4313 778 4375 etnorma
801 4307 912 4377 totius
950 4309 1056 4398 vitae,
1098 4310 1176 4382 sive
1212 4311 1348 4385 lumine
1384 4317 1540 4386 naturali

206 4416 284 4486 sive
309 4419 590 4508 supernaturali.
618 4420 784 4492 Ecclesia
818 4421 938 4513 dirigit
976 4427 1262 4517 conscientiam,
1296 4431 1408 4502 tutius
1446 4432 1538 4520 judi-

206 4531 323 4602 cando
346 4532 444 4625 quod
468 4540 525 4604 est
549 4537 744 4608 honestum
769 4545 804 4610 et
828 4539 1074 4630 inhonestum,
1100 4555 1135 4614 et
1169 4547 1335 4637 exemplo
1375 4569 1445 4620 suo
1484 4559 1540 4620 est

205 4647 333 4738 regula
357 4656 392 4718 et
415 4671 542 4721 norma
566 4652 760 4723 actionum.
777 4655 855 4726 Nec
880 4665 1017 4728 tantum
1041 4659 1076 4728 in
1100 4662 1242 4733 actibus
1266 4663 1429 4752 intemiS,
1455 4688 1541 4738 con·

205 4747 356 4834 scientia
379 4766 476 4836 enim
500 4766 619 4856 dirigit
641 4777 746 4840 actus
772 4781 956 4862 externos,
984 4795 1057 4846 nec·
1074 4777 1178 4848 aliter
1203 4787 1321 4868 potest
1344 4781 1453 4852 homo
1478 4783 1538 4871 jn-

203 4877 336 4971 dicare,
364 4889 398 4952 et
422 4882 526 4956 aliter
549 4905 672 4978 agere.
699 4886 828 4959 Status
852 4911 939 4984 ergo
963 4894 1170 4986 separando
1205 4916 1247 4969 se
1286 4897 1331 4969 ab
1371 4899 1538 4974 Ecclesia
