4054 6322
453 1043 553 1109 ctum
575 1047 688 1110 suum
713 1038 838 1109 ’6611116
860 1057 934 1110 666
958 1045 1027 1124 661,
1062 1059 1194 1130 nempe
1228 1043 1368 1111 tantum
1403 1039 1439 1108 in
1467 1037 1614 1110 duobus
1638 1040 1786 1112 66611166

453 1155 577 1244 Reges
600 1173 673 1224 uon
697 1154 844 1226 fuerunt
865 1152 1020 1246 depositi
1043 1154 1089 1226 'de
1112 1153 1218 1225 fae‘to.

538 1269 682 1342 Pariter
706 1270 872 1342 Ecclesia
895 1277 1014 1362 potest
1051 1270 1244 1343 defendere
1259 1270 1495 1342 christianam
1513 1271 1724 1344 societatem
1740 1273 1786 1343 ab

454 1387 622 1460 hostibus
646 1389 817 1472 externis,
842 1385 1030 1458 deficiente
1055 1387 1227 1459 societate
1251 1387 1358 1474 civili,
1392 1388 1592 1460 invocando
1624 1387 1785 1460 christie-

453 1522 524 1575 uos
548 1503 746 1595 Principes,
771 1503 828 1574 161
852 1523 918 1574 666
942 1503 1122 1596 obligatos
1145 1501 1364 1574 declarando
1388 1502 1434 1574 ad
1458 1502 1708 1576 defensionem
1725 1523 1786 1575 su·

455 1619 692 1712 acipiendum.

543 1735 594 1806 lta
618 1736 754 1810 16616111
777 1743 834 1806 661
857 1743 985 1807 666116
1008 1738 1226 1822 Saracenos,
1249 1735 1398 1826 quando
1421 1753 1494 1807 non
1519 1735 1628 1807 modo
1651 1736 1786 1824 injuste

452 1851 661 1926 detinebant
684 1853 764 1924 loca
787 1859 927 1938 sancta,
954 1851 1020 1924 sed
1044 1853 1195 1944 insuper
1218 1852 1473 1925 minitabantur
1507 1853 1786 1943 occupationem

452 1969 643 2060 regionum
667 1969 958 2090 christianarum.

608 2142 685 2210 Art.
712 2139 752 2210 11.
772 2180 815 2194 -a
831 2141 875 2213 tte
895 2143 968 2232 ture
989 2143 1159 2215 teutoniae
1182 2143 1212 2212 tn
1235 2144 1466 2216 auctoritatem
1490 2143 1626 2216 6111166.

541 2313 719 2384 Summus
744 2311 906 2384 Pontifex
923 2335 987 2404 per
1003 2331 1045 2382 se
1061 2311 1242 2404 loquendo
1258 2313 1397 2384 nullum
1411 2313 1476 2401 jus
1494 2313 1600 2384 habet
1624 2315 1659 2384 in
1685 2315 1784 2386 Prin·

452 2431 564 2522 cipes,
590 2436 710 2501 tamen
735 2429 771 2500 id
794 2437 911 2521 potest
933 2427 1067 2500 habere
1092 2449 1156 2520 per
1179 2427 1350 2500 accidens
1385 2449 1453 2501 seu
1480 2453 1525 2501 ex
1549 2431 1780 2515 necessitate,

454 2568 581 2638 nempe
615 2545 803 2617 deficiente
839 2531 1051 2617 auctoritate
1087 2543 1194 2632 civili,
1231 2553 1370 2616 certum
1406 2556 1462 2618 est
1497 2545 1594 2618 enim
1619 2546 1785 2620 subditos

451 2686 524 2733 666
547 2683 656 2754 posse
680 2662 826 2735 obedire
851 2663 886 2732 in
912 2662 956 2732 iis
979 2683 1073 2754 quae
1097 2661 1282 2734 evidenter
1317 2671 1402 2735 sunt
1429 2671 1592 2755 peccata,
1619 2663 1785 2735 Ecclesia

452 2785 573 2854 661661
598 2788 717 2872 potest
740 2777 927 2850 declarare
951 2778 1053 2868 leges
1079 2777 1263 2850 selectus
1297 2779 1474 2872 Principis
1511 2801 1597 2852 6666
1622 2787 1782 2871 peecata,

452 2903 486 2966 et
519 2895 666 2987 proinde
703 2895 804 2985 leges
840 2917 926 2966 esse
958 2894 1091 2978 irritae,
1129 2901 1235 2966 actus
1270 2916 1355 2966 6666
1391 2895 1595 2986 puniendos
1620 2903 1707 2988 puta
1738 2896 1785 2967 ob

452 3031 599 3082 enorme
623 3007 850 3096 scandalum,
877 3011 932 3080 vel
956 3011 1161 3102 Principem
1183 3031 1270 3084 esee
1293 3009 1550 3102 deponendum
1574 3020 1663 3104 puta
1687 3011 1720 3082 sl
1738 3010 1784 3080 sit

451 3127 657 3200 anathema.
676 3125 786 3198 liade
802 3127 896 3197 facto
921 3125 1115 3218 aliquando
1140 3127 1241 3218 leges
1259 3127 1384 3200 civiles
1408 3127 1554 3200 fuerunt
1577 3127 1780 3200 declaratae

452 3245 583 3330 irritae,
611 3244 799 3335 Principes
824 3243 968 3314 luerunt
993 3243 1106 3334 puniti
1130 3253 1165 3314 et
1189 3245 1297 3314 etiam
1320 3242 1487 3335 depositi,
1506 3244 1672 3316 Ecclesia
1688 3245 1784 3316 enim

450 3381 523 3430 non
547 3360 669 3431 661661
692 3367 811 3451 potest
836 3359 890 3430 vel
916 3366 1057 3431 1666161
1079 3358 1278 3447 1166161616,
1317 3354 1383 3430 sed
1418 3364 1526 3430 etiam
1551 3359 1582 3432 61
1608 3361 1784 3452 possibile

451 3475 501 3546 sit
523 3477 691 3546 effectum
714 3477 888 3562 obtinere,
914 3476 1022 3548 etiem
1047 3475 1248 3546 invocando
1272 3475 1343 3547 vim
1359 3477 1513 3547 aliarum
1536 3477 1736 3550 nationum:

755 3647 832 3716 Art.
860 3643 915 3717 111.
934 3687 974 3696 -
992 3647 1036 3716 116
1059 3645 1235 3735 Principum
1258 3648 1476 3736 correptione.

540 3817 727 3908 Principes
761 3814 940 3906 pertinent
973 3813 1019 3884 ad
1057 3815 1260 3886 Ecclesiam
1293 3813 1604 3908 quemadmodum
1637 3816 1781 3906 subditi,

452 3934 604 4004 hincab
629 3933 795 4004 Ecclesia
829 3939 986 4023 possunt
1022 3931 1152 4022 puniri.
1192 3931 1357 4004 Ecclesia
1391 3933 1491 4024 punit
1515 3934 1703 4026 Principes
1728 3934 1784 4006 161

451 4051 497 4122 ob
519 4049 649 4120 delicte
672 4048 809 4140 private
832 4048 1031 4119 enormiter
1054 4048 1288 4136 scandalosa,
1316 4057 1402 4140 puta
1425 4049 1718 4142 assumptionem
1734 4051 1782 4120 al·
1897 4049 1911 4076 ⁴

450 4167 564 4238 161166
587 4165 751 4236 1661161111
774 4165 809 4234 16
834 4183 998 4250 uxorem,
1025 4163 1167 4236 vivente
1191 4165 1318 4257 prime,
1346 4168 1404 4240 vel
1428 4165 1474 4236 ob
1491 4165 1620 4238 delicta
1636 4167 1671 4235 in
1690 4185 1784 4238 rem·

451 4283 631 4373 publicam
655 4303 709 4351 ex.
737 4303 772 4373 g.
800 4301 949 4351 6661616
973 4279 1213 4370 tyrannidem.
1234 4283 1284 4352 116
1302 4283 1468 4354 Ecclesia
1484 4283 1656 4376 corripuit
1679 4285 1782 4356 Lota-

450 4398 545 4468 rium
571 4397 612 4467 11.
638 4398 684 4468 ob
708 4397 996 4487 assumptionem
1020 4398 1171 4470 alterius
1196 4399 1360 4470 mulieris
1399 4399 1433 4468 in
1459 4419 1611 4472 uxorem
1643 4399 1783 4472 vivente
1837 4414 1848 4440 ⁴

452 4513 578 4604 prima.
606 4513 649 4583 Et
672 4515 710 4582 S.
737 4513 958 4586 Ambrosius
982 4515 1223 4606 poenitentiae
1247 4515 1404 4603 subjecit
1426 4514 1677 4588 Thoedosium
1709 4517 1783 4586 Ma·

449 4651 563 4720 gnum
586 4631 632 4700 ob
655 4629 806 4701 caedem
829 4629 1146 4702 Thessalonicam.

458 4779 462 4788 ·
540 4746 705 4817 Ecclesia
729 4748 828 4837 punit
852 4747 1041 4838 Prirrcipes
1065 4747 1304 4838 poenitentiis,
1340 4753 1374 4820 61
1410 4749 1587 4820 censuris
1621 4767 1713 4840 quae
1737 4747 1784 4818 ad

449 4861 689 4954 poenitentias
712 4862 971 4957 suscipiendas
997 4861 1191 4956 impellant,
1218 4873 1251 4935 et
1275 4864 1421 4938 tandem
1445 4865 1684 4960 depositione.
1710 4863 1782 4933 Ali-
