4054 6322
1422 835 1445 906 9

209 1009 274 1078 bra
296 1001 452 1079 familiae
476 1007 533 1081 vel
556 1010 635 1081 sinc
658 1009 792 1080 unione
816 1009 955 1080 sociali.
981 1009 1020 1080 Si
1045 1009 1216 1100 primum,
1243 1009 1439 1080 auctoritas
1459 1009 1539 1098 jam

208 1123 342 1195 residet
366 1125 402 1194 in
426 1132 527 1216 patre
550 1123 758 1218 usquedum
782 1124 845 1194 filii
869 1132 1040 1196 maneant
1064 1133 1103 1196 ut
1127 1123 1290 1195 membra
1317 1123 1490 1214 familiae,
1510 1123 1543 1194 ei

208 1224 373 1327 alterum,
400 1240 560 1310 societas
584 1249 618 1311 et
642 1239 792 1332 proinde
816 1240 1014 1311 auctoritas
1031 1237 1213 1312 efformari
1238 1246 1358 1332 potest
1380 1260 1427 1310 ex
1443 1258 1542 1310 com·

210 1357 310 1427 muni
332 1355 444 1428 libera
465 1358 639 1431 electione
665 1357 721 1427 vel
745 1375 945 1428 consensu.
971 1356 1096 1427 Potest
1118 1357 1226 1426 etiam
1250 1355 1434 1428 efformari
1460 1375 1544 1426 sen·

211 1473 282 1544 sim
306 1473 386 1544 sine
410 1492 526 1544 sensu
550 1493 596 1543 ex
619 1480 746 1544 mutua
769 1473 941 1545 relatione
964 1471 1173 1564 usquedum
1197 1493 1312 1544 unum
1336 1472 1391 1542 vel
1415 1471 1542 1564 plures

212 1587 247 1657 in
271 1578 482 1660 auctoritate
507 1597 636 1681 sponte
660 1590 734 1660 sint
749 1589 929 1680 ‘recogniti
953 1589 1014 1679 qui
1037 1587 1083 1660 de
1106 1588 1201 1658 lacto
1225 1587 1424 1659 consulunt
1449 1588 1543 1658 bono

211 1705 398 1776 communi
421 1705 513 1776 alios
537 1703 763 1776 defendendo
798 1703 1006 1794 adjuvando
1033 1711 1100 1776 etc.
1128 1704 1204 1774 sive
1229 1725 1293 1795 per
1316 1703 1541 1792 electionem,

212 1821 289 1892 sive
313 1843 380 1913 per
401 1841 641 1912 consensum,
668 1822 745 1892 sive
770 1843 834 1914 per
857 1821 1156 1914 approbationem
1180 1840 1396 1912 expressam
1420 1819 1477 1890 vel
1494 1827 1545 1890 ta-

212 1939 331 2008 citam.
357 1939 508 2010 Rursus
530 1939 690 2010 societas
714 1947 832 2031 potest
857 1939 941 2008 oriri
964 1959 1011 2009 ex
1034 1938 1129 2009 lacto
1154 1937 1425 2029 subjugationis
1456 1937 1544 2007 isto·

212 2075 295 2125 rum
317 2055 363 2124 ab
387 2055 470 2126 aliis
492 2055 525 2125 vi
550 2056 844 2146 praevalentibus
869 2055 900 2125 si
924 2055 969 2126 de
993 2055 1086 2126 lacto
1103 2055 1136 2123 vi
1153 2053 1406 2146 praevalentes
1422 2061 1545 2124 aucto-

212 2171 352 2241 ritatem
376 2181 568 2242 exerceant
584 2177 620 2240 ln
637 2172 743 2260 alios,
761 2180 796 2242 et
820 2171 877 2242 isti
902 2194 948 2242 ex
973 2171 1119 2264 propria
1142 2171 1290 2242 utilitate
1322 2177 1452 2262 sponte
1483 2191 1545 2240 au-

213 2285 416 2358 ctoritatem
439 2287 665 2358 confirment.
691 2287 850 2368 Quodsi
874 2309 947 2358 non
971 2287 1084 2358 libero
1107 2307 1296 2360 consensu
1320 2283 1386 2360 sed
1411 2293 1445 2355 vi
1473 2287 1544 2358 sub

212 2403 422 2474 auctoritate
446 2405 710 2494 contineantur,
732 2405 811 2492 jam
834 2425 908 2475 non
933 2403 1023 2476 sccii
1047 2412 1153 2474 erunt
1184 2403 1251 2474 sed
1275 2404 1385 2494 serui,
1412 2411 1446 2474 et
1470 2423 1543 2473 uon

213 2520 372 2592 societas
395 2521 509 2593 oritur
532 2521 624 2592 inter
647 2520 785 2613 primos
808 2527 844 2592 et
866 2520 1028 2608 ultimos,
1054 2519 1121 2591 sed
1154 2522 1313 2626 serpitus
1336 2521 1373 2592 in
1396 2541 1468 2612 qua
1492 2519 1546 2592 ul·

213 2638 288 2710 timi
311 2637 345 2706 vi
369 2637 529 2710 detinent
553 2637 703 2729 primos
1195 2631 1197 2638 ’

301 2755 361 2826 Sic
385 2753 531 2824 nonnisi
555 2774 619 2845 per
642 2773 870 2826 consensum
904 2753 1106 2825 Societates
1142 2762 1241 2825 ortae
1265 2759 1353 2825 sunt
1376 2753 1432 2826 vel
1457 2754 1541 2826 oriri

213 2877 381 2965 possunt,
407 2870 467 2962 qui
492 2877 722 2962 potestesse
747 2872 803 2941 vel
827 2891 1046 2962 expressus,
1073 2871 1130 2942 vel
1154 2871 1305 2960 tacitus,
1331 2871 1363 2941 si
1387 2871 1483 2942 anim
1508 2870 1541 2939 vi

211 2989 403 3074 orirentur,
425 2989 504 3074 jam
527 3009 600 3058 non
625 2987 820 3060 societates
844 2996 971 3060 essent
994 2988 1061 3058 sed
1084 2987 1295 3077 servitutes,
1314 2985 1412 3080 quod
1428 2987 1544 3058 resul-

114 3131 121 3140 ·
211 3113 330 3175 latex
354 3105 435 3196 ipsa
458 3102 665 3175 definitione
690 3103 886 3194 societatiS,
913 3103 1191 3176 cumbomines
1216 3125 1289 3174 non
1317 3104 1459 3194 possint
1475 3101 1546 3173 dici

211 3223 421 3314 conspirare
446 3219 492 3290 'ad
516 3221 651 3291 bonum
686 3241 880 3292 commune
905 3221 936 3291 si
960 3220 1019 3290 alii
1043 3241 1090 3290 ex
1115 3221 1147 3290 vi
1172 3221 1327 3292 aliorum
1360 3219 1548 3311 priventur

212 3337 430 3409 inalienabili
456 3337 561 3425 bono,
590 3355 718 3430 nempe
735 3337 896 3426 liberate,
916 3357 1023 3408 nemo
1039 3337 1136 3408 enim
1152 3343 1273 3428 potest
1289 3335 1548 3408 rationabiliter

212 3453 323 3524 alium
347 3453 392 3523 ad
416 3453 553 3546 aliquid
577 3453 738 3544 obligare
761 3455 829 3524 etsi
855 3454 1004 3542 bonum,
1031 3453 1104 3523 nisi
1129 3452 1224 3523 alius
1241 3458 1441 3542 cognoscat
1459 3451 1546 3523 illud

212 3589 298 3641 esse
324 3570 472 3656 bonum,
497 3569 594 3661 quod
613 3569 799 3658 judicatur
823 3591 869 3640 ex
894 3570 1072 3642 electione
1098 3568 1152 3640 vel
1177 3565 1366 3668 corrgensu
1382 3569 1544 3660 proprio,

128 3735 130 3740 -
213 3707 285 3756 non
309 3707 356 3756 ex
381 3687 412 3755 vi
437 3687 605 3756 aliorum.

345 3859 422 3927 Art.
452 3856 511 3927 Vl.
533 3897 571 3908 -
588 3859 635 3929 tn
658 3861 694 3930 et
716 3859 870 3947 quomedo
892 3801 1085 3930 Auctoritas
1107 3859 1213 3947 poesll
1235 3859 1382 3930 destitul.

303 4031 347 4097 Ut
362 4029 411 4098 sit
426 4029 680 4116 Bellarminus,
707 4027 868 4099 societas
892 4035 948 4098 est
972 4029 1192 4120 conspiratio
1215 4027 1264 4099 ad
1286 4027 1424 4100 bouum
1448 3989 1546 4100 cofu-
1582 4123 1583 4126 Ἴ

214 4165 336 4232 mune,
364 4145 447 4214 binc
471 4145 502 4214 si
527 4145 607 4214 ltex
631 4143 815 4216 evidenter
839 4144 960 4238 iniqua
996 4145 1231 4236 praeciperet,
1263 4145 1363 4216 cives
1388 4165 1461 4214 non
1486 4166 1545 4216 so·

215 4262 289 4331 lum
314 4281 385 4331 non
410 4269 618 4330 tenerentur
641 4260 771 4352 exequi
796 4257 977 4350 mandata,
1004 4260 1070 4332 sed
1094 4269 1194 4331 esset
1218 4261 1381 4354 iniquum
1414 4261 1546 4356 exequi

214 4375 383 4448 mandata
407 4377 527 4468 impia.
554 4375 648 4450 Hinc
670 4377 849 4468 colligitur
872 4378 973 4448 cives
1005 4397 1118 4470 posse
1151 4385 1187 4448 et
1209 4377 1402 4470 aliquando
1430 4378 1545 4448 teneri

212 4493 257 4564 ed
281 4494 488 4582 subjectum
511 4495 736 4565 auctoritatis
760 4493 988 4582 mutandum,
1014 4496 1046 4566 si
1072 4496 1168 4565 enim
1184 4517 1257 4566 non
1274 4493 1548 4566 accidentaliter

214 4609 293 4680 Rex
318 4610 426 4700 impia
451 4609 683 4701 praeciperet,
710 4609 775 4680 scd
803 4617 1023 4700 constanter,
1061 4633 1104 4681 eo
1140 4609 1238 4698 quod
1274 4609 1422 4702 impius,
1463 4631 1549 4681 con·

214 4731 351 4796 stanter
374 4727 493 4814 etiam,
519 4735 553 4796 et
575 4747 649 4797 non
673 4747 739 4818 pro
756 4727 875 4819 aliquo
892 4735 1054 4819 tempore
1070 4727 1170 4798 cives
1187 4735 1398 4798 tenerentur
1416 4727 1452 4797 ei
1472 4749 1544 4798 non

213 4841 370 4932 obedire,
397 4850 433 4912 et
456 4851 542 4912 tunc
567 4851 752 4914 manerent
776 4844 856 4914 sine
880 4845 981 4934 Rege
1005 4844 1076 4914 nisi
1094 4845 1251 4935 primum
1266 4843 1491 4936 deponerent
1512 4849 1547 4914 et
