4054 6322
18 36 22 44 Ι
65 24 112 36 ιιηι
148 15 253 41 “-“”’”·“·

125 41 165 56 ἱ““

541 71 591 182 *ἱ
860 79 1343 630 'Ns
1798 317 1802 322 .

265 859 269 864 '
1414 854 1458 926 ta

323 1031 414 1102 Item
450 1029 485 1100 in
522 1031 650 1120 Regno
684 1027 922 1118 Neapolitano
957 1026 1141 1099 fovebatur
1175 1026 1333 1098 servitus
1371 1028 1559 1102 Ecclesiae

216 1147 448 1238 praesertim
473 1168 583 1238 opera
607 1145 759 1216 Ministri
795 1143 967 1233 Tanucci,
993 1152 1029 1215 at
1051 1143 1085 1214 in
1111 1141 1256 1214 Etruria
1279 1144 1351 1215 sub
1374 1144 1558 1236 Lecpoldc

217 1263 364 1354 Magno
386 1263 496 1334 Duce.
1502 1273 1504 1278 '

314 1378 477 1450 'Pandam
504 1379 661 1450 Saeculo
686 1400 789 1450 xvrn.
827 1377 936 1450 etiam
960 1377 996 1447 in
1019 1375 1214 1449 Germania
1238 1377 1415 1470 pullulare
1441 1377 1558 1469 coepit

217 1497 370 1568 abusus
391 1496 497 1586 Regii
521 1494 657 1582 Placiti,
683 1493 780 1588 quod
802 1502 922 1565 tamen
960 1501 1099 1564 tantum
1134 1493 1204 1564 sub
1239 1493 1399 1584 losephp
1434 1495 1485 1564 II.
1520 1495 1555 1564 in
1604 1517 1606 1520 ·

217 1611 415 1703 systhema
453 1611 672 1704 pertransiit,
708 1618 744 1682 et
783 1618 868 1682 nota
906 1617 963 1682 est
998 1609 1201 1681 sollicitudo
1240 1617 1276 1684 et
1315 1611 1557 1702 peregrinatio
1707 1607 1711 1615 ’

217 1727 281 1798 ·Ρίἰ
307 1730 374 1798 VI.
400 1728 446 1800 ad
469 1728 567 1800 mala
590 1728 777 1800 Ecclesiae
800 1727 1006 1820 mitiganda.

310 1845 530 1938 Supervenit
555 1853 641 1916 nota
666 1844 815 1916 socialis
840 1843 1046 1918 subversio.
1072 1843 1200 1915 Eebus
1223 1843 1389 1916 civilibus
1412 1865 1558 1936 compo-

221 1961 321 2049 sitis,
347 1962 538 2053 Principes
561 1969 782 2035 curaverunt
806 1961 934 2032 loedus
968 1961 1057 2034 inire
1080 1982 1165 2032 cum
1190 1960 1355 2033 Ecclesia
1378 1981 1442 2052 per
1463 1961 1556 2032 Gon·

218 2079 383 2152 cordata.

313 2197 493 2289 Principia
533 2195 752 2268 subversiva
787 2216 920 2267 rursus
954 2193 1244 2288 praevaluerunt,
1279 2203 1312 2266 et
1336 2195 1558 2290 proclamata

218 2322 280 2385 cst
303 2313 453 2385 libertas
477 2312 673 2406 generalis,
700 2313 850 2386 exclusa
873 2321 1011 2386 tantum
1036 2313 1201 2384 Ecclesia
1234 2312 1280 2388 ab
1311 2313 1392 2384 cius
1418 2311 1583 2404 pertici·-

221 2431 381 2524 patione,
407 2438 471 2501 aut
495 2431 624 2502 saltem
648 2429 772 2501 multis
796 2429 828 2502 ai
853 2431 1030 2523 oppositis
1053 2430 1336 2502 limitationibus.
1500 2524 1502 2533 γ

314 2547 382 2617 His
405 2555 441 2618 at
463 2547 545 2618 aliis
569 2547 853 2618 solemnissimis
888 2546 1217 2618 Constitutionibus
1251 2547 1462 2619 damnatum
1489 2548 1556 2618 luit

221 2665 382 2755 Regium
405 2663 595 2750 Placitum,
621 2672 656 2764 et
677 2664 837 2754 Regium
859 2641 1087 2758 Exequatur.
1361 2658 1364 2666 ⁴

312 2779 451 2852 Tamen
486 2778 681 2870 aliquando
716 2779 883 2852 Ecclesia
905 2779 952 2849 ad
988 2779 1128 2868 majora
1152 2779 1248 2850 mala
1272 2779 1427 2868 vitanda,
1455 2801 1556 2872 prae·

220 2897 349 2970 sertim
372 2895 613 2968 deficientiam
636 2896 832 2968 Sacrorum
858 2896 1121 2983 Ministrornm,
1147 2897 1274 2968 tolerat
1305 2905 1345 2966 ut
1367 2918 1390 2966 a
1412 2895 1554 2968 clericis

222 3014 434 3104 impetretur
456 3010 526 3084 hoc
548 3011 704 3103 Regium
727 3013 861 3100 Placet,
888 3019 923 3082 et
946 3011 1140 3104 aliquando
1165 3011 1202 3082 in
1227 3011 1465 3084 Ooncordatis
1489 3033 1554 3103 pro

222 3127 426 3201 minoribus
451 3128 647 3217 beneflciis,
673 3127 794 3220 aliqua
817 3127 1003 3219 privilegia
1027 3127 1255 3219 Principibus
1278 3129 1475 3200 concessit.

519 3298 595 3366 Art.
624 3295 680 3366 lll.
709 3337 749 3350 -
775 3299 819 3382 tte
842 3299 955 3372 Ptacttt
980 3299 1064 3388 tleptt
1088 3298 1254 3390 tnluetltla.

310 3469 444 3540 Totum
468 3467 744 3539 fundamentum
768 3467 1019 3570 RegiiPlaciti
1044 3467 1185 3540 videtur
1208 3489 1295 3541 esse
1314 3470 1380 3557 jus
1420 3471 1554 3542 Princi-

221 3607 308 3679 pum
326 3579 454 3656 ¹tuendi
475 3584 562 3672 jura
585 3583 715 3671 civilia,
740 3591 775 3654 ct
800 3583 942 3656 videndi
967 3607 1014 3656 an
1038 3583 1210 3656 mandata
1245 3585 1433 3657 Ecclesiae
1469 3609 1553 3658 cum

220 3701 505 3774 circumstantiis
518 3698 635 3790 Regni
659 3707 936 3790 componantur,
962 3707 997 3770 et
1021 3699 1091 3770 sub
1115 3721 1201 3770 vero
1229 3699 1466 3774 fundamento
1499 3704 1552 3776 in-

220 3819 390 3889 nitantur.
417 3818 586 3888 damnare
610 3815 709 3886 aliud
732 3823 788 3888 est
817 3815 952 3908 aliquid
991 3816 1187 3888 observare
1226 3817 1323 3886 circa
1362 3817 1552 3891 Ecclesiae

219 3931 401 4021 mandata,
428 3942 461 4004 at
485 3931 717 4004 difficultates
741 3952 944 4023 proponere
969 3931 1038 4022 ipsi
1063 3933 1251 4004 Ecclesiae
1287 3941 1327 4006 ut
1364 3934 1549 4024 subditus,

220 4071 350 4142 nempe
375 4069 460 4120 sese
484 4046 698 4137 snbjciendo
723 4048 850 4120 ultimo
869 4047 1008 4136 jndicio
1042 4049 1245 4136 Ecclesiae,
1286 4058 1321 4120 ct
1358 4049 1457 4122 aliud
1496 4058 1553 4122 est

220 4167 292 4236 vim
317 4173 350 4236 et
373 4165 623 4250 executionem
646 4164 733 4235 dara
758 4164 939 4235 mandatis
963 4164 1149 4237 Ecclesiae
1190 4167 1245 4236 vel
1270 4167 1415 4240 anferre
1443 4175 1584 4258 prout.

220 4281 388 4353 subditus
406 4281 638 4372 judicaverit,
665 4279 804 4351 ratione
827 4279 1063 4370 defensionis,
1092 4259 1149 4352 vel
1183 4283 1347 4353 cavendi.
1389 4283 1551 4355 Primum
1579 4375 1581 4382 y

220 4405 277 4471 cst
300 4399 343 4470 de
366 4397 503 4468 ratione
528 4395 672 4485 subditi,
699 4397 904 4470 secundum
928 4418 1001 4468 non
1026 4405 1082 4469 est
1106 4398 1292 4490 proprium
1317 4399 1465 4489 subditi,
1486 4399 1553 4472 sed

220 4514 454 4606 Superioris,
468 4514 555 4585 dara
580 4514 676 4584 enim
701 4515 756 4584 vel
781 4513 924 4586 auterre
948 4515 1020 4584 vim
1037 4515 1261 4588 executivam
1276 4523 1332 4588 est
1348 4497 1552 4607 approbare

221 4630 337 4720 legem
361 4630 416 4700 vel
440 4630 641 4701 annullare.
667 4631 837 4702 Jamvero
861 4631 1028 4703 Ecclesia
1050 4637 1107 4702 cst
1130 4631 1390 4724 independens,
1416 4641 1450 4702 et
1486 4633 1552 4705 Su·

222 4746 339 4837 perior
363 4743 490 4836 Statui,
517 4745 601 4818 hinc
623 4745 729 4818 habet
752 4748 897 4840 planam
913 4747 1189 4840 competentiam
1204 4748 1343 4820 ferendi
1357 4749 1459 4841 leges
1476 4771 1550 4823 non

221 4863 374 4939 exclusa
396 4870 575 4960 potestate
599 4865 798 4958 caecutire,
824 4865 857 4936 si
880 4865 977 4940 enim
1000 4865 1104 4962 leges
1127 4864 1317 4941 Ecclesiae
1352 4865 1550 4962 penderent
