4054 6322
589 677 635 754 26

477 863 617 929 rectum
636 854 816 946 jndicium
840 857 954 947 possit
977 856 1139 948 proferri.
1166 854 1396 948 Experientia
1420 863 1699 948 noscuntquam
1716 851 1810 944 rigo·

410 1005 412 1013 r
477 993 562 1045 rose
587 975 633 1044 sit
657 971 925 1065 procedendum
951 971 1144 1060 injudicio
1169 971 1330 1060 ferendo,
1356 979 1391 1040 et
1414 979 1634 1062 apparentes
1653 969 1812 1044 rationes

477 1113 499 1160 a
524 1089 620 1160 veris
637 1088 833 1182 perfectius
850 1096 1057 1160 secernunt.
1077 1090 1214 1160 Tamen
1234 1109 1413 1179 processu
1431 1095 1527 1159 recte
1552 1087 1745 1180 disposito,
1763 1094 1813 1156 te·

477 1205 596 1275 stibus
620 1205 793 1293 collectis
820 1210 855 1274 et
878 1205 1033 1294 cognitis
1064 1203 1348 1275 circumstantiis
1382 1211 1417 1273 et
1451 1202 1633 1290 adjunctis
1658 1210 1696 1272 ut
1715 1199 1812 1291 judi·
1887 1271 1889 1279 ,

477 1323 573 1393 eium
598 1328 737 1392 rectum
761 1320 879 1412 possit
902 1319 1067 1412 proferri,
1093 1329 1127 1392 et
1151 1320 1292 1391 civibus
1316 1320 1621 1411 componentibus
1637 1319 1753 1407 Giury
1767 1317 1812 1387 de

476 1436 650 1507 cavendis
675 1445 782 1508 antea
797 1436 991 1507 admonitis
1014 1437 1060 1507 ab
1077 1435 1271 1508 ordinariis
1289 1435 1576 1526 Magistratibus,
1596 1435 1697 1505 cives
1713 1455 1810 1504 oom-

476 1559 653 1643 ponentes
677 1551 793 1641 Giury
817 1559 902 1623 sunt
925 1553 1045 1642 magis
1071 1551 1188 1622 idonei
1213 1550 1259 1621 ad
1275 1559 1414 1622 rectum
1427 1549 1607 1640 judicium
1623 1548 1811 1642 proteren-

476 1666 576 1757 dum,
601 1668 721 1758 magis
745 1669 840 1738 enirn
865 1665 981 1738 idonei
1007 1666 1053 1738 ad
1077 1667 1221 1761 aliquod
1241 1667 1421 1756 judicium
1445 1665 1701 1759 proferendum
1726 1673 1812 1738 sunt

476 1783 524 1854 illi
548 1785 608 1876 qui
633 1792 774 1876 praeter
798 1784 998 1875 diligentias
1023 1783 1122 1856 luris
1146 1807 1240 1877 quae
1263 1806 1286 1854 a
1310 1783 1588 1874 Magistratibus
1612 1791 1698 1859 sunt
1715 1783 1809 1874 posi-

475 1909 545 1986 tae,
570 1907 605 1970 et
627 1899 672 1970 de
696 1901 829 1991 quibus
853 1923 875 1970 a
899 1901 1174 1990 Magistratibus
1191 1908 1349 1991 possunt
1365 1902 1502 1970 moneri
1520 1908 1603 1970 ante
1614 1898 1808 1988 iudicium,

477 2024 635 2086 noscunt
659 2015 817 2086 indolem
851 2037 1032 2108 personae
1062 2015 1295 2104 judicandae,
1333 2016 1394 2087 isti
1425 2023 1512 2086 sunt
1536 2015 1706 2086 concives
1733 2037 1810 2106 per-

480 2151 594 2202 sonae
614 2131 845 2220 judicandae.
871 2134 1008 2206 Pariter
1032 2133 1079 2201 illi
1097 2140 1183 2202 sunt
1199 2133 1318 2222 magis
1335 2132 1452 2202 idonei
1469 2130 1707 2220 adjudicium
1731 2152 1811 2222 pro-

475 2247 665 2319 ferendum
689 2248 750 2341 qui
773 2255 932 2320 noscunt
955 2250 1060 2340 plene
1084 2247 1178 2318 lecta
1210 2249 1322 2320 totius
1358 2247 1462 2337 vitas,
1501 2269 1609 2319 nemo
1633 2249 1730 2318 enim
1756 2269 1810 2318 re·

475 2371 583 2455 pente
608 2363 647 2432 fit
670 2364 872 2456 pessimus,
899 2363 981 2434 hinc
1007 2365 1037 2434 si
1062 2365 1145 2459 quis
1168 2373 1415 2456 cognoscetur
1437 2387 1460 2434 a
1483 2365 1565 2434 suis
1594 2363 1808 2435 concivibus

476 2501 562 2551 esse
586 2480 704 2551 virum
728 2480 881 2570 justum,
908 2481 973 2550 erit
998 2481 1263 2572 suspicandum
1288 2481 1343 2550 vel
1367 2502 1440 2551 non
1457 2477 1701 2567 commisisse,
1723 2487 1809 2570 puta

475 2595 693 2678 omicidium,
717 2597 773 2666 vel
797 2595 833 2666 id
857 2597 1089 2669 commisisse
1114 2619 1159 2667 ex
1183 2597 1341 2688 legitima
1365 2595 1588 2686 defensione,
1608 2603 1696 2666 sunt
1712 2595 1809 2664 enirn

474 2713 539 2783 viri
564 2714 758 2803 incapaces
781 2713 1025 2784 committendi
1050 2735 1159 2806 greve
1183 2716 1335 2802 crimen,
1360 2718 1410 2784 uti
1437 2713 1647 2784 omicidium
1684 2711 1809 2782 volun-

474 2830 617 2916 tarium,
644 2835 677 2898 et
700 2828 735 2898 hi
759 2837 963 2900 noscuntur
985 2839 1125 2902 tentum
1148 2853 1170 2901 a
1193 2831 1275 2920 suis
1299 2830 1439 2918 vicinis,
1459 2829 1542 2900 hino
1559 2831 1627 2902 erit
1642 2827 1810 2899 dubiten-

473 2945 562 3016 dum
585 2945 630 3016 de
654 2945 810 3031 testibus
833 2947 893 3040 qui
918 2957 1075 3038 possunt
1099 2968 1184 3016 esse
1208 2947 1369 3035 venales
1388 2945 1433 3018 de
1448 2945 1629 3035 judicibus
1645 2946 1706 3040 qui
1725 2966 1809 3037 pos·

475 3071 560 3134 sunt
580 3081 670 3162 esse
691 3071 883 3154 corruptos
899 3064 954 3133 vel
973 3064 1114 3150 timore,
1135 3063 1189 3133 vel
1206 3063 1343 3152 lavore,
1361 3064 1417 3134 vel
1435 3063 1603 3154 pecunia,
1622 3061 1666 3132 de
1682 3062 1810 3151 adjun-

473 3180 541 3250 ctis
565 3201 659 3268 quae
683 3187 840 3272 possunt
862 3200 947 3250 esse
971 3181 1191 3272 apparentia.
1231 3179 1281 3250 lta
1316 3179 1468 3250 habetur
1493 3180 1528 3250 in
1553 3179 1666 3250 Sacra
1690 3181 1808 3270 Serip-

473 3305 555 3366 tura
576 3295 673 3390 quod
692 3297 871 3385 judicium
895 3297 1145 3388 proferebatur
1168 3320 1190 3366 a
1214 3296 1489 3387 Magistratibus
1512 3296 1635 3366 audito
1660 3297 1805 3389 populo.

474 3413 525 3484 lta
547 3412 727 3484 habemus
752 3413 895 3482 Moisen
918 3413 1154 3484 constituisse
1188 3414 1281 3484 alios
1317 3413 1551 3484 subalternos
1574 3411 1722 3499 judices
1745 3412 1806 3504 qui

406 3607 410 3617 ,
474 3528 650 3620 populum
673 3530 709 3598 in
728 3528 877 3618 judiciis
915 3529 1108 3620 audirent,
1134 3537 1168 3601 et
1192 3531 1314 3621 ipsum
1349 3537 1488 3600 tantum
1525 3530 1560 3599 in
1583 3528 1807 3600 necessariis

473 3644 625 3731 adirent,
643 3646 823 3738 cumipse
847 3645 955 3716 nimis
971 3655 1186 3737 gravaretur
1201 3646 1238 3716 in
1253 3645 1414 3718 ferendis
1431 3646 1623 3716 sententiis
1639 3647 1675 3714 in
1692 3643 1805 3716 omni·

473 3762 544 3833 bus
567 3763 690 3854 populi
710 3761 870 3850 judiciis.
1383 3751 1388 3760 ’

542 3885 543 3888 ’
561 3879 755 3950 Praeterea
777 3879 949 3950 concives
973 3887 1059 3953 sunt
1081 3880 1201 3971 magis
1225 3879 1356 3968 idonei,
1377 3888 1540 3970 ,noscunt
1564 3881 1661 3950 enim
1682 3900 1806 3950 mores

443 4009 449 4024 '
474 3996 714 4086 particulares
738 3995 846 4066 istius
869 3996 925 4067 vel
950 3996 1047 4068 illius
1071 3997 1244 4088 regionis,
1271 4004 1305 4067 et
1328 3996 1568 4086 particulares
1593 3997 1803 4082 relationes

474 4119 508 4183 et
531 4113 824 4183 circumstantias
859 4113 1100 4184 individuales
1135 4134 1323 4212 personae
1346 4111 1579 4201 judicandae,
1606 4113 1808 4216 exquibus

472 4229 615 4300 facilius
639 4238 796 4322 possunt
819 4239 959 4302 rectum
979 4229 1157 4320 judicium
1185 4229 1359 4321 prolerre.
1390 4281 1392 4288 -

485 4401 488 4406 .
563 4342 717 4438 Insuper
740 4348 840 4418 cives
863 4355 1125 4440 componentes
1149 4346 1262 4437 Giury
1286 4353 1373 4418 sunt
1396 4347 1516 4437 magis
1542 4347 1659 4416 idonei
1684 4345 1730 4416 ad
1749 4347 1807 4434 ju·

473 4461 607 4534 dicium
631 4462 888 4555 proterendum
910 4465 995 4558 quia
1018 4484 1092 4534 non
1115 4463 1219 4534 facile
1244 4470 1400 4555 possunt
1435 4463 1630 4554 corrumpi,
1658 4463 1737 4532 sire
1761 4463 1806 4533 ab

474 4581 686 4650 auctoritate
710 4580 742 4651 si
765 4589 867 4654 esset
890 4582 1023 4674 iniqua,
1050 4581 1128 4650 sive
1152 4601 1174 4649 a
1198 4579 1360 4670 privatis,
1383 4601 1455 4652 non
1480 4586 1566 4650 sunt
1589 4580 1685 4650 enim
1711 4599 1806 4649 sem·

473 4716 538 4788 per
561 4696 712 4770 eaedem
734 4719 928 4791 personae,
954 4697 1022 4768 sed
1045 4703 1235 4770 mutantur
1253 4696 1360 4785 juxta
1383 4695 1603 4786 exigentias,
1630 4695 1713 4764 hinc
1739 4696 1808 4766 im·
