4054 6322
541 1055 616 1122 Art.
635 1009 708 1126 lv.
729 1025 830 1126 -'o0
853 1056 976 1146 cerain
1000 1053 1189 1127 meratius.

286 1276 448 1331 socrum
474 1276 607 1332 Olll'l'llll
634 1277 680 1330 EX
704 1275 883 1331 pluuntur
910 1275 1109 1328 tenuerint
1135 1277 1155 1326 t
1183 1275 1252 1354 DEO
1279 1272 1446 1328 turnusst

730 1401 772 1454 ΕΤ
798 1403 842 1454 EX
870 1401 989 1454 FAGTO.

287 1587 551 1660 praemittimus
574 1581 761 1660 'hominem
786 1593 915 1657 natura
939 1607 1009 1656 sua
1031 1585 1120 1658 velle
1136 1585 1352 1672 felicitatem,
1372 1591 1407 1656 et
1423 1586 1458 1654 in
1477 1607 1536 1656 vo-

201 1705 311 1776 lenda·
332 1705 500 1778 felicitate
522 1726 592 1775 non
611 1725 697 1776 essa
715 1703 880 1774 liberum.
899 1703 1066 1776 Attamen
1083 1702 1239 1773 diversis
1262 1702 1397 1774 mediis
1421 1709 1537 1794 potest

202 1821 377 1914 consequi
406 1821 625 1907 felicitatem,
652 1827 687 1890 et
710 1819 819 1892 homo
844 1843 915 1891 non
941 1819 1200 1892 determinatur
1221 1819 1267 1890 ed
1289 1818 1360 1890 hcc
1378 1820 1432 1892 vel
1449 1817 1536 1890 illud

208 1939 368 2010 medium
399 1936 675 2028 suscipiendum
714 1957 779 2028 pro
804 1937 1066 2008 consecutione
1101 1935 1288 2023 felicitatis,
1328 1933 1394 2012 sed
1418 1941 1536 2028 potest.

209 2075 321 2126 unum
349 2055 403 2126 vel
422 2053 540 2124 'alium
563 2052 714 2132 modum
737 2054 884 2145 eligere,
911 2061 944 2123 el
968 2054 1002 2122 in
1035 2051 1101 2124 hac
1130 2061 1331 2144 spontanea
1362 2051 1535 2124 electione

197 2170 366 2244 consistit
390 2171 555 2242 libertas.
582 2169 680 2244 Aliis
702 2170 836 2260 verbis,
863 2171 1032 2244 voluntas
1068 2172 1140 2242 vult
1164 2169 1376 2242 necessario
1399 2170 1534 2242 bonurn

201 2289 422 2376 universale,
449 2297 484 2360 et
508 2296 566 2359 est
590 2287 703 2362 libera
726 2287 823 2359 circa
849 2287 942 2358 bona
967 2288 1209 2380 particularia.

290 2404 606 2484 Quemadmodum
632 2404 740 2495 igitur
764 2403 943 2492 homines,
980 2413 1130 2498 excepta
1159 2405 1344 2492 felicitate,
1363 2405 1398 2472 in
1422 2403 1535 2476 omni·

200 2517 270 2592 bus
294 2527 380 2592 sunt
404 2521 529 2608 liberi,
545 2543 613 2592 seu
638 2529 796 2612 possunt
818 2543 934 2592 unum
958 2524 1015 2594 vel
1039 2523 1193 2594 alterum
1224 2517 1384 2594 medium
1401 2521 1535 2612 eligere

198 2635 245 2708 ad
269 2637 475 2708 felicitatem
498 2637 781 2736 assequendam,
806 2637 853 2709 ita
878 2646 967 2710 sunt
991 2639 1090 2710 liberi
1128 2639 1162 2708 in
1199 2636 1534 2710 constituendaso-

197 2754 401 2842 cictate,·et
425 2753 459 2823 in
486 2753 740 2825 constituenda
763 2755 974 2826 auctor-itate
1008 2777 1092 2848 quae
1128 2763 1184 2826 est
1208 2757 1427 2840 elementum
1452 2768 1535 2826 aonL

200 2870 401 2950 stitutivum
425 2869 621 2956 societatis,
648 2869 696 2940 ita
719 2879 757 2941 ul
785 2871 926 2960 possint
949 2873 1082 2962 eligere
1120 2893 1234 2943 unum
1270 2873 1325 2942 val
1359 2870 1470 2941 alium
1494 2879 1532 2942 ut

199 2985 404 3074 subjectum¹
439 2985 675 3074 auctoritatis,
717 3007 832 3057 unum
874 2987 928 3058 vel
969 2987 1112 3078 plureS,
1154 2987 1224 3058 sub
1259 2986 1327 3060 hac
1367 2987 1421 3058 ael
1460 2987 1534 3056 alia

200 3103 316 3173 forma
341 3101 540 3193 regiminis
567 3123 635 3174 seu
660 3102 731 3174 sub
756 3102 836 3172 istis
862 3105 915 3174 vel
940 3103 1023 3174 aliis
1047 3105 1328 3192 conditionibus
1358 3113 1400 3174 etv
1416 3105 1467 3174 ite
1489 3103 1534 3174 d'a

200 3217 307 3308 facto,
334 3219 384 3290 uti
409 3225 553 3289 constat
576 3240 622 3290 ex
647 3219 819 3300 Historia,
847 3219 1056 3292 constitutae
1091 3221 1234 3292 fuerunt
1265 3220 1471 3308 societates,
1499 3220 1544 3290 li··
1603 3211 1612 3253 ⁵

200 3335 287 3406 bera
309 3355 440 3425 nempe
458 3333 643 3414 voluntate
660 3333 922 3408 determinante
939 3337 1141 3409 naturalem
1166 3335 1398 3424 tendentiam,
1424 3336 1534 3408 libera

197 3450 295 3520 enim
319 3447 486 3522 homines
510 3450 633 3522 vivunt
657 3451 692 3520 in
718 3451 904 3540 societate,
931 3451 1041 3523 libere
1064 3451 1160 3524 ‘hanc
1193 3451 1247 3524 val
1284 3452 1381 3524 illam
1416 3451 1532 3523 socia-

199 3571 308 3636 tate'm
331 3565 490 3656 ingrcssi
515 3577 602 3638 sunt
622 3588 712 3657 ¹prae
736 3567 819 3654 alia,
846 3566 957 3639 libere
982 3567 1018 3636 in
1042 3567 1112 3639 hac
1138 3571 1191 3640 vel
1217 3569 1277 3638 illa
1293 3569 1533 3642 societate‘vi-

197 3689 286 3782 runt
309 3703 387 3774 prae
411 3682 494 3770 alia,
522 3682 632 3754 libere
657 3682 725 3754 hac
750 3684 805 3752 vel
830 3683 889 3754 illa
916 3685 1032 3756 forma
1056 3683 1251 3756 societates
1267 3685 1534 3758 constituerunt

201 3817 279 3888 prae
301 3797 372 3897 alia
395 3799 522 3869 forma.
599 3823 600 3828 ¹
638 3831 640 3836 ¹
708 3823 711 3830 “
1066 3827 1067 3832 ’
1406 3817 1409 3824 ’

282 4051 283 4056 ¹
379 3993 548 4066 QUOMODO
575 3995 810 4049 cosurutrua
838 3995 1054 4050 auunculus
1081 3998 1117 4048 lit
1145 3996 1343 4063 sectarunt.
1422 4070 1424 4076 Α

285 4149 389 4222 utere
406 4189 450 4200 --
466 4149 725 4230 Auctoritatem
760 4151 809 4220 ita
843 4151 974 4223 debere
997 4151 1166 4224 constitui
1192 4152 1227 4221 in
1256 4151 1428 4226 societate
1454 4154 1532 4226 sive

194 4263 316 4356 quoad
339 4264 546 4355 subjectum
570 4265 778 4356 eligendum
803 4267 881 4338 sive
911 4265 1031 4360 quoad
1067 4268 1221 4339 formam
1256 4270 1461 4361 regiminis,
1491 4279 1532 4342 ut

195 4377 415 4473 respondeat
440 4381 555 4452 ordini
580 4403 648 4455 seu
666 4391 816 4454 naturae
833 4391 953 4456 rectae
967 4385 1072 4474 juxta
1088 4385 1290 4458 naturalem
1306 4386 1529 4458 tendentiam

195 4517 304 4590 quam
329 4495 496 4568 homines
531 4497 662 4574 debent
697 4499 799 4593 sequi
832 4501 938 4590 juxta
973 4509 1140 4573 naturam
1177 4511 1273 4575 recte
1297 4503 1529 4576 intellectam.

198 4614 295 4702 Ergo
320 4613 402 4684 sive
427 4614 634 4703 subjeetum
659 4616 737 4687 siva
772 4616 892 4688 forma
926 4618 1149 4690 auctoritatis
1184 4641 1256 4691 non
1288 4619 1423 4693 debent
1446 4639 1530 4691 con·

197 4719 299 4790 stitui
325 4742 371 4790 ex
396 4721 509 4792 libera
534 4721 710 4794 electione
735 4725 933 4814 sociorum,
960 4725 1026 4796 sed
1050 4749 1096 4798 ex
1121 4736 1217 4798 recto
1252 4726 1442 4798 dictamina
1468 4741 1545 4798 rra-²

195 4843 301 4923 turae,
329 4835 377 4908 ita
401 4843 440 4908 ut
464 4837 521 4908 ille
546 4837 602 4908 sit
619 4838 838 4930 subjectum,
866 4839 926 4912 illa
950 4841 1066 4914 forma
1091 4843 1313 4916 auctoritatis
1335 4865 1445 4938 quam
1466 4865 1531 4916 naa
