4054 6322
1412 811 1457 882 33

311 987 479 1060 Jamvero
504 984 623 1058 Media
658 993 775 1058 aetate
815 987 907 1056 inter
944 993 1074 1076 gentes
1109 983 1313 1058 Occidentis
1336 983 1556 1054 christianas

224 1103 348 1176 aderat
371 1103 538 1196 aliqualis
561 1103 720 1172 societas
743 1099 1043 1187 internetionaliS,
1070 1101 1105 1170 in
1131 1122 1246 1194 eaque
1271 1099 1452 1170 Ethnarca
1479 1107 1555 1168 erat

222 1221 402 1290 Summus
428 1217 604 1304 Pontifex,
630 1225 759 1306 gentes
782 1217 879 1288 enirn
915 1237 1008 1308 quae
1037 1218 1245 1287 Romanum
1284 1221 1556 1306 occupaverunt

221 1335 438 1428 imperium,
464 1333 510 1403 ab
535 1333 702 1404 Ecclesia
726 1342 969 1424 susceperunt
990 1355 1062 1404 non
1087 1331 1194 1404 modo
1219 1331 1355 1418 Fidem,
1382 1329 1448 1400 sed
1479 1330 1554 1400 cul-

219 1459 338 1522 turam
362 1449 553 1543 quaesere
577 1451 615 1518 in
653 1449 804 1520 clericis
840 1449 945 1520 unice
984 1449 1219 1534 consistebat,
1245 1447 1339 1517 etin
1367 1449 1447 1537 ipsa
1483 1467 1553 1518 sua

220 1567 474 1638 constitutione
498 1565 559 1636 illa
583 1566 806 1654 Neo-Regna
842 1567 1043 1636 maximum
1067 1564 1242 1636 auxilium
1271 1562 1476 1646 habuerunt
1507 1563 1552 1632 ab

219 1683 396 1770 Ecclesia,
424 1683 628 1755 Ecclesiam
653 1683 809 1752 maxime
834 1682 991 1752 venerati
1018 1689 1127 1769 sunt,
1154 1689 1187 1752 et
1212 1682 1416 1772 Episcopos
1456 1681 1549 1750 inter

219 1800 336 1891 Regni
363 1799 540 1891 primores
563 1797 778 1870 habuerunt
803 1797 970 1869 Ecclesia
995 1797 1129 1868 Feudis
1145 1797 1254 1868 ditata
1277 1804 1383 1868 estet
1400 1815 1550 1890 posses·

219 1915 397 2003 sionibus
424 1915 609 2007 multaque
645 1915 772 2005 Regna
796 1913 915 1984 eidem
951 1913 1071 1984 oblata
1104 1913 1217 1986 fuere.
1245 1913 1337 1984 Hinc
1374 1913 1550 1984 Summus

223 2031 385 2104 Pontifex
409 2032 528 2102 factus
552 2039 609 2102 est
633 2031 740 2100 veluti
777 2030 893 2122 Caput
928 2027 1215 2100 Christianorum
1255 2030 1451 2100 Nationum
1486 2027 1551 2099 Oc·

220 2148 372 2221 ridentis
389 2170 432 2218 ex
452 2149 632 2244 voluntate
659 2148 823 2239 ipsarum
848 2147 1048 2235 nationum,
1064 2154 1102 2216 ut
1119 2145 1235 2237 Caput
1259 2144 1546 2232 Christianitatis,

222 2273 256 2335 et
279 2263 323 2334 ad
351 2287 476 2356 pacem
500 2263 691 2334 fovendam
731 2265 825 2334 inter
865 2265 1106 2354 Neo-Regna
1144 2264 1252 2333 etiam
1276 2263 1312 2333 in
1336 2283 1463 2333 eorum
1488 2283 1551 2332 ne·

218 2381 326 2472 gotiis
350 2381 622 2472 temporalibus.
642 2379 733 2450 Hinc
748 2379 843 2450 facta
866 2389 921 2450 est
946 2380 1054 2450 voluti
1080 2381 1238 2450 societas
1259 2377 1548 2450 internetionalis

216 2517 310 2590 quac
334 2497 454 2587 magis
478 2497 690 2568 necessaria
713 2497 790 2584 fuit,
809 2495 892 2568 hinc
909 2497 1066 2568 strictior
1092 2497 1186 2566 facta
1211 2503 1266 2566 est
1290 2495 1360 2566 sub
1385 2515 1458 2564 uno
1483 2493 1549 2565 Ca·

216 2615 286 2705 pite
311 2615 477 2684 Romano
517 2613 689 2685 Pontilice
713 2613 760 2684 ad
783 2614 991 2687 Saracenos
1025 2611 1260 2684 debellandos
1289 2611 1431 2710 nomini
1456 2609 1549 2682 chri-

216 2731 333 2800 stiano
358 2729 534 2802 infensos.
1456 2745 1458 2748 ·

303 2845 482 2918 Summus
506 2846 669 2918 Pontifex
683 2851 729 2916 ad
743 2847 1030 2938 promovendum
1055 2847 1191 2918 bonurn
1215 2867 1408 2918 commune
1434 2845 1541 2916 etiam

215 2963 412 3054 temporale
437 2962 548 3032 huius
585 2962 877 3052 Christianitatis,
904 2965 1158 3035 auctoritatem
1182 2985 1289 3034 suam
1310 2961 1545 3054 ,interposuit

214 3063 356 3172 quoties
382 3079 585 3149 necessitas
609 3079 643 3148 id
667 3079 848 3167 suaderet,
880 3081 1033 3171 eiusque
1058 3080 1299 3151 interventum
1323 3077 1390 3150 fuit
1419 3099 1546 3150 susce-

215 3203 314 3286 ptum
338 3195 501 3281 libenter,
528 3204 670 3266 etcum
694 3195 855 3266 maxima
879 3195 1043 3266 utilitate.
1085 3190 1088 3194 ’

302 3312 536 3402 Neo-Regnis
566 3321 688 3382 autem
711 3312 932 3402 constitutis,
959 3321 993 3384 et
1017 3312 1225 3404 Principum
1251 3319 1426 3404 potestate
1462 3313 1545 3384 soli·

212 3425 292 3498 dior
315 3427 420 3516 facta,
447 3428 647 3519 Principes,
670 3436 714 3499 'ut
738 3449 849 3520 saepe
874 3429 1022 3500 saeculo
1059 3427 1157 3516 Xlll,
1199 3429 1416 3498 invocabant
1450 3429 1546 3516 judi·

212 3543 309 3615 cium
333 3543 530 3632 Pontificis,
557 3543 770 3634 indicantes,
797 3567 838 3615 se
864 3547 898 3614 in
923 3567 1007 3617 eum
1032 3545 1324 3636 compromittere
1360 3565 1433 3616 non
1469 3547 1545 3636 qui·
1630 3575 1633 3583 2

210 3659 294 3730 dem
318 3667 357 3730 ut
381 3661 603 3748 Pontificem,
630 3661 696 3731 sed
719 3669 758 3732 ut
783 3681 979 3753 personam
1004 3662 1222 3753 sapientem.
1248 3663 1292 3732 In
1327 3683 1400 3754 quo
1435 3683 1545 3754 appa-

212 3785 265 3848 ret
289 3797 415 3846 semen
439 3777 607 3848 desiderii
633 3779 841 3870 Principum
865 3777 1100 3850 subtrahendi
1127 3801 1168 3848 se
1192 3801 1215 3848 a
1238 3785 1414 3870 potestate
1452 3780 1545 3850 Pon-

211 3893 331 3976 tineis,
357 3915 442 3964 cum
467 3915 537 3964 nen
563 3901 682 3966 tamen
708 3894 874 3965 valebant
899 3893 933 3964 id
956 3905 1144 3987 praestare
1158 3903 1384 3988 repugnante
1409 3896 1542 3986 spiritu

211 4010 441 4101 populorum.

297 4127 351 4196 Ex
376 4149 464 4197 cura
504 4129 701 4200 universali
741 4151 851 4221 quam
883 4131 1074 4200 Romanus
1114 4128 1280 4214 Pontifex
1316 4131 1542 4222 suscipiebat

209 4241 488 4315 Christianitatis
505 4246 613 4316 etiarn
638 4248 673 4316 in
690 4245 901 4338 temporalia
918 4247 999 4317 eius
1011 4244 1192 4336 judicium
1208 4235 1444 4318 invocabatur
1460 4254 1543 4319 ante

208 4359 454 4453 expeditiones
478 4363 651 4434 militares
675 4361 944 4455 suscipiendas,
971 4370 1006 4434 et
1028 4364 1074 4433 ab
1098 4385 1142 4434 eo
1166 4366 1355 4455 petebatur
1394 4365 1540 4438 investi-

208 4487 290 4550 tura
315 4499 494 4550 novorum
520 4481 743 4570 Regnorum,
771 4479 987 4572 praesertim
1011 4481 1204 4570 regionum
1220 4480 1543 4574 quaedetegeban·

208 4601 278 4666 tur.
304 4594 482 4666 Summus
506 4593 669 4666 Pontifex
694 4597 904 4668 removebat
939 4595 1147 4689 probabiles
1186 4617 1323 4668 causas
1363 4597 1541 4669 bellorum

208 4711 316 4780 etiam
351 4710 632 4802 praeveniendo,
673 4719 709 4783 et
747 4713 955 4804 imponebat
994 4712 1145 4785 modum
1184 4715 1354 4786 omnibus
1385 4714 1542 4805 negotiis

207 4826 313 4896 ctiam
340 4827 600 4918 temporalibus
614 4829 802 4902 Ecclesiae
816 4837 849 4901 et
865 4830 1122 4901 christianitati
1136 4831 1256 4920 magis
1273 4831 1538 4902 convenientia.
