4054 6322
1401 771 1446 844 to

204 943 397 1018 voluerunt
418 943 623 1036 defendere,
650 952 795 1038 pactum
819 945 916 1020 enim
939 945 1080 1026 sociale
1102 953 1136 1018 et
1161 947 1269 1020 veluti
1294 947 1536 1031 venditionem

204 1059 385 1133 humanae
409 1063 583 1134 libertatis
607 1063 833 1152 invexerunt,
861 1087 904 1136 eo
928 1063 1025 1156 quod
1062 1063 1288 1136 admitterent
1323 1084 1454 1136 omnes
1478 1061 1542 1135 ho·

204 1177 324 1250 mines
348 1178 468 1249 viuere
491 1178 528 1250 in
553 1180 725 1250 societate
742 1180 836 1250 civili
855 1201 928 1251 non
953 1181 1063 1250 libere
1083 1180 1149 1252 sed
1166 1181 1358 1270 obligatos,
1385 1180 1434 1252 ite
1450 1180 1544 1252 utin

206 1295 378 1364 societate
402 1294 493 1364 civili
520 1303 718 1366 nascantur·
742 1294 874 1366 subditi
901 1295 998 1386 ligati
1023 1295 1068 1366 ad
1094 1297 1318 1383 societatem,
1335 1317 1407 1367 non
1424 1295 1539 1384 liberi,

204 1409 302 1501 quod
325 1419 381 1482 est
402 1409 538 1482 falsum
562 1413 639 1482 sive
656 1433 701 1482 ex
725 1419 855 1482 natura
879 1413 957 1482 sive
981 1431 1028 1482 ex
1051 1412 1159 1493 lacto,
1186 1421 1315 1484 natura
1338 1413 1435 1484 enim
1450 1419 1538 1482 sunt

205 1525 319 1614 liberi,
345 1535 380 1598 el
402 1527 497 1598 iacto
521 1527 676 1600 incivili
700 1529 872 1600 societate
898 1531 1022 1601 vivunt
1040 1529 1097 1601 vel
1113 1550 1187 1600 non
1211 1537 1318 1621 prout
1341 1529 1452 1600 libere
1477 1549 1537 1600 vo·

206 1641 294 1728 luat,
321 1643 376 1714 vel
401 1643 513 1714 libere
537 1665 649 1714 unam
672 1666 760 1736 prae
785 1645 856 1716 alia
879 1646 1053 1718 societate
1072 1645 1209 1736 eligunt
1227 1653 1335 1739 prout
1358 1646 1496 1718 volunt.

756 1861 997 1920 -ψιε-’ψ-

600 2043 1043 2180 mssanrnno
1088 2045 1149 2148 n.

478 2339 542 2406 na
598 2339 787 2408 sonna
840 2337 1271 2412 nocroar‘rnms
1354 2423 1357 2430 ,

744 2537 1008 2550 m

288 2699 441 2760 QUEM!
467 2699 587 2762 renui
614 2697 864 2754 AUGJORI'BA'HS
889 2701 942 2754 ,Ἢ
968 2699 1211 2758 PRAEFERENDA
1237 2699 1465 2760 senlacium

707 2825 773 2878 VEL
799 2825 1039 2881 uolitantum

383 2985 458 3053 Art
483 2983 513 3050 Ι.
538 3022 582 3036 -
606 2981 810 3071 Exoonnnlnr
833 2973 980 3056 rellon'ee
1002 3002 1060 3072 oro
1083 2987 1218 3074 utnon
1249 2983 1365 3060 Ferme

292 3160 425 3228 Forma
448 3153 682 3228 Momrchice
706 3163 762 3226 ost
785 3154 1023 3246 praelerenda
1045 3161 1389 3248 propterucitatem,
1408 3179 1455 3228 ex
1470 3181 1542 3252 qua

154 3285 158 3295 “
203 3275 340 3346 unitate
361 3271 468 3346 cilius
491 3279 529 3342 et
549 3271 693 3344 facilius
716 3272 754 3340 in
778 3273 909 3342 Fonna
948 3272 1181 3344 Menarchiea
1217 3273 1370 3344 habeon
1408 3275 1542 3347 solutio

203 3399 237 3462 et
261 3389 426 3461 executio
450 3387 607 3459 alicuius
630 3388 871 3480 quaestionis,
896 3388 979 3459 Rex
1002 3389 1103 3460 enim
1127 3390 1343 3460 auctoritate
1381 3412 1453 3466 sua
1476 3414 1539 3483 po·

203 3513 274 3579 test
298 3505 412 3577 linem
433 3505 619 3596 imponere
643 3503 941 3577 discussionibus
964 3505 1120 3596 partium
1143 3505 1398 3578 dissidentium
1422 3507 1542 3579 insuo

204 3623 319 3709 Statu,
343 3641 436 3716 quoe
460 3619 696 3692 dissidentiae
719 3619 917 3714 aliquando
939 3621 1223 3693 interminabiles
1246 3631 1347 3712 sunt,
1373 3631 1411 3695 et
1429 3645 1542 3696 noeu-

202 3747 364 3810 mentum
402 3739 557 3811 efferunt
596 3735 713 3808 statui
752 3737 797 3808 ob
827 3736 1289 3812 delicientiemdecisionis
1314 3741 1539 3830 electionis,

198 3857 308 3944 juxta
330 3853 418 3926 illud
441 3855 589 3926 effetum
626 3855 642 3894 “
680 3853 769 3924 dum
792 3855 932 3926 Romae
955 3855 1160 3926 consulitur
1183 3854 1392 3948 Saguntum
1428 3878 1542 3950 exou-

203 3979 347 4063 gnetm.
373 4025 388 4062 „
417 3973 547 4043 Forma
570 3984 694 4042 antem
707 3969 942 4060 Polyarchica
958 3977 1017 4042 est
1037 3971 1275 4064 praeferenda
1298 3981 1445 4064 propter
1484 3994 1542 4046 se·

202 4088 390 4159 curialem
414 4085 654 4176 decisionum,
681 4087 733 4158 ob
754 4085 1026 4160 discussionem
1050 4097 1086 4160 et
1107 4087 1404 4162 deliberationem
1421 4090 1541 4182 magis
1592 4099 1594 4107 '

201 4203 410 4295 perlectam,
425 4203 588 4295 Corpora
603 4204 699 4276 enim
715 4204 1042 4296 Repraesentativa
1057 4213 1325 4298 componuntur
1341 4227 1388 4277 ex
1400 4207 1541 4280 civibus

201 4341 357 4414 quorum
380 4319 552 4392 utilitates
576 4328 662 4390 sunl
685 4319 866 4408 diversae,
893 4329 926 4390 et
950 4321 1145 4414 aliquando
1160 4322 1252 4394 inter
1268 4323 1539 4409 secontreriae,

201 4437 384 4528 eliguntur
407 4439 504 4508 enirn
529 4457 578 4508 ex
601 4437 744 4507 civibus
767 4436 998 4509 diversorum
1022 4445 1205 4526 coetuum,
1231 4439 1459 4532 diversisque
1492 4439 1541 4508 ot-

202 4552 295 4623 liciis
319 4559 354 4626 et
377 4553 534 4644 negotiis
557 4550 724 4641 addictis
750 4561 784 4623 et
807 4555 855 4624 ita
878 4562 1154 4645 repraesentant
1178 4576 1306 4626 omnes
1331 4555 1462 4626 civium
1480 4577 1541 4625 ne·

200 4669 405 4758 cessitates,
430 4670 479 4740 ila
502 4677 542 4742 ut
566 4691 615 4742 ex
638 4669 872 4742 discussione
896 4680 931 4740 et
954 4669 1213 4762 ponderatione
1238 4673 1462 4764 privatorum
1481 4672 1541 4741 bo-

200 4807 344 4876 norum,
370 4807 464 4879 quae
489 4795 575 4859 sunt
598 4787 747 4859 diverse
770 4795 803 4858 et
828 4787 1025 4880 aliquando
1053 4789 1247 4876 contraria,
1288 4790 1420 4874 optime
1460 4807 1541 4887 pro
