<?xml version="1.0" encoding="UTF-8"?>
<!DOCTYPE html PUBLIC "-//W3C//DTD XHTML 1.0 Transitional//EN"
    "http://www.w3.org/TR/xhtml1/DTD/xhtml1-transitional.dtd">
<html xmlns="http://www.w3.org/1999/xhtml" xml:lang="en" lang="en">
 <head>
  <title>
</title>
<meta http-equiv="Content-Type" content="text/html;charset=utf-8" />
  <meta name='ocr-system' content='tesseract 3.04.00' />
  <meta name='ocr-capabilities' content='ocr_page ocr_carea ocr_par ocr_line ocrx_word'/>
</head>
<body>
  <div class='ocr_page' id='page_1' title='image "./juspublicumeccl00rossgoog_0079.png"; bbox 0 0 4054 6322; ppageno 0'>
   <div class='ocr_carea' id='block_1_1' title="bbox 862 1107 1454 1232">
    <p class='ocr_par' dir='ltr' id='par_1_1' title="bbox 862 1107 1454 1232">
     <span class='ocr_line' id='line_1_1' title="bbox 862 1107 1454 1232; baseline -0.015 -7"><span class='ocrx_word' id='word_1_1' title='bbox 862 1111 1305 1232; x_wconf 83' lang='lat' dir='ltr'><strong>DISSERTATIO</strong></span> <span class='ocrx_word' id='word_1_2' title='bbox 1341 1107 1454 1219; x_wconf 91' lang='lat' dir='ltr'><strong>VII.</strong></span> 
     </span>
    </p>
   </div>
   <div class='ocr_carea' id='block_1_2' title="bbox 954 1343 1359 1420">
    <p class='ocr_par' dir='ltr' id='par_1_2' title="bbox 954 1343 1359 1420">
     <span class='ocr_line' id='line_1_2' title="bbox 954 1343 1359 1420; baseline -0.017 0"><span class='ocrx_word' id='word_1_3' title='bbox 954 1349 1010 1420; x_wconf 87' lang='lat' dir='ltr'><strong>DE</strong></span> <span class='ocrx_word' id='word_1_4' title='bbox 1046 1343 1359 1419; x_wconf 80' lang='lat' dir='ltr'>CONCORDATIS</span> 
     </span>
    </p>
   </div>
   <div class='ocr_carea' id='block_1_3' title="bbox 752 1635 1558 1732">
    <p class='ocr_par' dir='ltr' id='par_1_3' title="bbox 752 1635 1558 1732">
     <span class='ocr_line' id='line_1_3' title="bbox 752 1635 1558 1732; baseline -0.011 -18"><span class='ocrx_word' id='word_1_5' title='bbox 752 1645 828 1714; x_wconf 86' lang='lat' dir='ltr'><strong>Art.</strong></span> <span class='ocrx_word' id='word_1_6' title='bbox 856 1641 881 1714; x_wconf 93' lang='lat' dir='ltr'><strong>l.</strong></span> <span class='ocrx_word' id='word_1_7' title='bbox 900 1680 940 1700; x_wconf 37' lang='grc' dir='ltr'>ᾳ</span> <span class='ocrx_word' id='word_1_8' title='bbox 955 1643 1119 1718; x_wconf 80' lang='lat' dir='ltr'><strong>sutum</strong></span> <span class='ocrx_word' id='word_1_9' title='bbox 1141 1645 1329 1732; x_wconf 84' lang='lat' dir='ltr'><strong>conceptum</strong></span> <span class='ocrx_word' id='word_1_10' title='bbox 1352 1635 1558 1712; x_wconf 76' lang='lat' dir='ltr'><strong>mucorem.</strong></span> 
     </span>
    </p>
   </div>
   <div class='ocr_carea' id='block_1_4' title="bbox 486 1798 1821 2486">
    <p class='ocr_par' dir='ltr' id='par_1_4' title="bbox 486 1798 1821 2486">
     <span class='ocr_line' id='line_1_4' title="bbox 575 1798 1819 1902; baseline -0.01 -22"><span class='ocrx_word' id='word_1_11' title='bbox 575 1811 663 1884; x_wconf 87' lang='lat' dir='ltr'><strong>Jura</strong></span> <span class='ocrx_word' id='word_1_12' title='bbox 697 1812 886 1884; x_wconf 80' lang='lat' dir='ltr'><strong>Ecclesiae</strong></span> <span class='ocrx_word' id='word_1_13' title='bbox 908 1813 980 1884; x_wconf 90' lang='lat' dir='ltr'><strong>alia</strong></span> <span class='ocrx_word' id='word_1_14' title='bbox 1003 1821 1091 1885; x_wconf 91' lang='lat' dir='ltr'><strong>sunt</strong></span> <span class='ocrx_word' id='word_1_15' title='bbox 1129 1809 1325 1902; x_wconf 82' lang='lat' dir='ltr'><strong>originaria</strong></span> <span class='ocrx_word' id='word_1_16' title='bbox 1346 1829 1394 1881; x_wconf 85' lang='lat' dir='ltr'><strong>err</strong></span> <span class='ocrx_word' id='word_1_17' title='bbox 1417 1806 1510 1878; x_wconf 86' lang='lat' dir='ltr'><strong>lacto</strong></span> <span class='ocrx_word' id='word_1_18' title='bbox 1547 1823 1638 1876; x_wconf 90' lang='lat' dir='ltr'><strong>suae</strong></span> <span class='ocrx_word' id='word_1_19' title='bbox 1678 1798 1819 1870; x_wconf 88' lang='lat' dir='ltr'><strong>divinae</strong></span> 
     </span>
     <span class='ocr_line' id='line_1_5' title="bbox 487 1915 1820 2019; baseline -0.01 -23"><span class='ocrx_word' id='word_1_20' title='bbox 487 1927 748 2018; x_wconf 76' lang='lat' dir='ltr'><strong>institutioniS,</strong></span> <span class='ocrx_word' id='word_1_21' title='bbox 775 1935 810 2000; x_wconf 88' lang='lat' dir='ltr'><strong>et</strong></span> <span class='ocrx_word' id='word_1_22' title='bbox 840 1925 930 2000; x_wconf 90' lang='lat' dir='ltr'><strong>haec</strong></span> <span class='ocrx_word' id='word_1_23' title='bbox 964 1929 1051 2019; x_wconf 84' lang='lat' dir='ltr'><strong>jura</strong></span> <span class='ocrx_word' id='word_1_24' title='bbox 1089 1935 1175 2000; x_wconf 91' lang='lat' dir='ltr'><strong>sunt</strong></span> <span class='ocrx_word' id='word_1_25' title='bbox 1213 1923 1508 2010; x_wconf 77' lang='lat' dir='ltr'><strong>fundamentalia,</strong></span> <span class='ocrx_word' id='word_1_26' title='bbox 1535 1915 1760 2002; x_wconf 72' lang='lat' dir='ltr'>essentialia,</span> <span class='ocrx_word' id='word_1_27' title='bbox 1786 1921 1820 1986; x_wconf 91' lang='lat' dir='ltr'><strong>et</strong></span> 
     </span>
     <span class='ocr_line' id='line_1_6' title="bbox 486 2031 1817 2136; baseline -0.012 -22"><span class='ocrx_word' id='word_1_28' title='bbox 486 2043 636 2136; x_wconf 84' lang='lat' dir='ltr'>proinde</span> <span class='ocrx_word' id='word_1_29' title='bbox 660 2044 907 2132; x_wconf 73' lang='lat' dir='ltr'><strong>immutabilia,</strong></span> <span class='ocrx_word' id='word_1_30' title='bbox 933 2045 1004 2116; x_wconf 89' lang='lat' dir='ltr'><strong>alia</strong></span> <span class='ocrx_word' id='word_1_31' title='bbox 1028 2053 1113 2118; x_wconf 89' lang='lat' dir='ltr'><strong>sunt</strong></span> <span class='ocrx_word' id='word_1_32' title='bbox 1137 2041 1356 2116; x_wconf 87' lang='lat' dir='ltr'><strong>secundaria</strong></span> <span class='ocrx_word' id='word_1_33' title='bbox 1380 2047 1414 2114; x_wconf 91' lang='lat' dir='ltr'><strong>et</strong></span> <span class='ocrx_word' id='word_1_34' title='bbox 1437 2037 1615 2132; x_wconf 86' lang='lat' dir='ltr'><strong>acquisita</strong></span> <span class='ocrx_word' id='word_1_35' title='bbox 1648 2056 1694 2106; x_wconf 85' lang='lat' dir='ltr'><strong>ex</strong></span> <span class='ocrx_word' id='word_1_36' title='bbox 1717 2031 1817 2104; x_wconf 82' lang='lat' dir='ltr'><strong>lactis</strong></span> 
     </span>
     <span class='ocr_line' id='line_1_7' title="bbox 487 2147 1818 2248; baseline -0.007 -21"><span class='ocrx_word' id='word_1_37' title='bbox 487 2159 669 2248; x_wconf 84' lang='lat' dir='ltr'><strong>humanis,</strong></span> <span class='ocrx_word' id='word_1_38' title='bbox 694 2166 729 2232; x_wconf 86' lang='lat' dir='ltr'><strong>ct</strong></span> <span class='ocrx_word' id='word_1_39' title='bbox 751 2159 842 2232; x_wconf 89' lang='lat' dir='ltr'><strong>haec</strong></span> <span class='ocrx_word' id='word_1_40' title='bbox 866 2169 952 2232; x_wconf 91' lang='lat' dir='ltr'><strong>sunt</strong></span> <span class='ocrx_word' id='word_1_41' title='bbox 975 2162 1172 2234; x_wconf 79' lang='lat' dir='ltr'><strong>mutabilia.</strong></span> <span class='ocrx_word' id='word_1_42' title='bbox 1200 2159 1287 2230; x_wconf 90' lang='lat' dir='ltr'><strong>item</strong></span> <span class='ocrx_word' id='word_1_43' title='bbox 1311 2155 1477 2228; x_wconf 78' lang='lat' dir='ltr'><strong>Ecclesia</strong></span> <span class='ocrx_word' id='word_1_44' title='bbox 1500 2159 1620 2226; x_wconf 85' lang='lat' dir='ltr'><strong>servat</strong></span> <span class='ocrx_word' id='word_1_45' title='bbox 1642 2153 1745 2242; x_wconf 83' lang='lat' dir='ltr'><strong>leges</strong></span> <span class='ocrx_word' id='word_1_46' title='bbox 1768 2147 1818 2220; x_wconf 91' lang='lat' dir='ltr'><strong>di·</strong></span> 
     </span>
     <span class='ocr_line' id='line_1_8' title="bbox 487 2270 1821 2368; baseline -0.006 -24"><span class='ocrx_word' id='word_1_47' title='bbox 487 2276 591 2346; x_wconf 89' lang='lat' dir='ltr'><strong>vinas</strong></span> <span class='ocrx_word' id='word_1_48' title='bbox 614 2297 707 2368; x_wconf 90' lang='lat' dir='ltr'><strong>quae</strong></span> <span class='ocrx_word' id='word_1_49' title='bbox 733 2284 818 2348; x_wconf 89' lang='lat' dir='ltr'><strong>sunt</strong></span> <span class='ocrx_word' id='word_1_50' title='bbox 842 2279 1108 2366; x_wconf 87' lang='lat' dir='ltr'><strong>immutabiles,</strong></span> <span class='ocrx_word' id='word_1_51' title='bbox 1135 2285 1169 2348; x_wconf 89' lang='lat' dir='ltr'><strong>et</strong></span> <span class='ocrx_word' id='word_1_52' title='bbox 1192 2275 1284 2346; x_wconf 90' lang='lat' dir='ltr'><strong>alias</strong></span> <span class='ocrx_word' id='word_1_53' title='bbox 1309 2273 1429 2344; x_wconf 91' lang='lat' dir='ltr'><strong>condit</strong></span> <span class='ocrx_word' id='word_1_54' title='bbox 1453 2270 1664 2343; x_wconf 88' lang='lat' dir='ltr'><strong>auctoritate</strong></span> <span class='ocrx_word' id='word_1_55' title='bbox 1704 2289 1776 2340; x_wconf 89' lang='lat' dir='ltr'><strong>sua</strong></span> <span class='ocrx_word' id='word_1_56' title='bbox 1798 2289 1821 2336; x_wconf 90' lang='lat' dir='ltr'><strong>a</strong></span> 
     </span>
     <span class='ocr_line' id='line_1_9' title="bbox 487 2385 1820 2486; baseline -0.005 -26"><span class='ocrx_word' id='word_1_57' title='bbox 487 2389 607 2462; x_wconf 88' lang='lat' dir='ltr'><strong>divino</strong></span> <span class='ocrx_word' id='word_1_58' title='bbox 632 2393 789 2463; x_wconf 82' lang='lat' dir='ltr'><strong>Auctore</strong></span> <span class='ocrx_word' id='word_1_59' title='bbox 814 2400 997 2486; x_wconf 76' lang='lat' dir='ltr'><strong>acceptae,</strong></span> <span class='ocrx_word' id='word_1_60' title='bbox 1014 2414 1107 2486; x_wconf 90' lang='lat' dir='ltr'><strong>quae</strong></span> <span class='ocrx_word' id='word_1_61' title='bbox 1123 2393 1225 2483; x_wconf 82' lang='lat' dir='ltr'><strong>leges</strong></span> <span class='ocrx_word' id='word_1_62' title='bbox 1241 2397 1327 2461; x_wconf 91' lang='lat' dir='ltr'><strong>sunt</strong></span> <span class='ocrx_word' id='word_1_63' title='bbox 1342 2389 1547 2462; x_wconf 75' lang='lat' dir='ltr'><strong>mutabiles.</strong></span> <span class='ocrx_word' id='word_1_64' title='bbox 1567 2385 1645 2456; x_wconf 91' lang='lat' dir='ltr'><strong>Hae</strong></span> <span class='ocrx_word' id='word_1_65' title='bbox 1670 2392 1756 2456; x_wconf 89' lang='lat' dir='ltr'><strong>sunt</strong></span> <span class='ocrx_word' id='word_1_66' title='bbox 1773 2385 1820 2455; x_wconf 90' lang='lat' dir='ltr'><strong>le·</strong></span> 
     </span>
    </p>
   </div>
   <div class='ocr_carea' id='block_1_5' title="bbox 403 2504 1827 5048">
    <p class='ocr_par' dir='ltr' id='par_1_5' title="bbox 483 2504 1821 2712">
     <span class='ocr_line' id='line_1_10' title="bbox 487 2504 1821 2602; baseline -0.006 -24"><span class='ocrx_word' id='word_1_67' title='bbox 487 2527 555 2599; x_wconf 84' lang='lat' dir='ltr'><strong>ges</strong></span> <span class='ocrx_word' id='word_1_68' title='bbox 576 2506 829 2600; x_wconf 89' lang='lat' dir='ltr'><strong>disciplinares</strong></span> <span class='ocrx_word' id='word_1_69' title='bbox 851 2531 944 2602; x_wconf 90' lang='lat' dir='ltr'><strong>quae</strong></span> <span class='ocrx_word' id='word_1_70' title='bbox 969 2518 1055 2580; x_wconf 91' lang='lat' dir='ltr'><strong>sunt</strong></span> <span class='ocrx_word' id='word_1_71' title='bbox 1078 2508 1271 2580; x_wconf 82' lang='lat' dir='ltr'><strong>mutabiles</strong></span> <span class='ocrx_word' id='word_1_72' title='bbox 1291 2509 1397 2595; x_wconf 74' lang='lat' dir='ltr'><strong>Juxta</strong></span> <span class='ocrx_word' id='word_1_73' title='bbox 1420 2504 1568 2576; x_wconf 91' lang='lat' dir='ltr'><strong>diversa</strong></span> <span class='ocrx_word' id='word_1_74' title='bbox 1591 2511 1766 2592; x_wconf 90' lang='lat' dir='ltr'><strong>tempora,</strong></span> <span class='ocrx_word' id='word_1_75' title='bbox 1786 2507 1821 2571; x_wconf 88' lang='lat' dir='ltr'><strong>ct</strong></span> 
     </span>
     <span class='ocr_line' id='line_1_11' title="bbox 483 2623 1111 2712; baseline 0.002 -16"><span class='ocrx_word' id='word_1_76' title='bbox 483 2625 589 2712; x_wconf 85' lang='lat' dir='ltr'><strong>juxta</strong></span> <span class='ocrx_word' id='word_1_77' title='bbox 612 2623 780 2698; x_wconf 87' lang='lat' dir='ltr'><strong>diversas</strong></span> <span class='ocrx_word' id='word_1_78' title='bbox 803 2625 1111 2698; x_wconf 81' lang='lat' dir='ltr'><strong>circumstantias.</strong></span> 
     </span>
    </p>

    <p class='ocr_par' dir='ltr' id='par_1_6' title="bbox 488 2739 1822 3534">
     <span class='ocr_line' id='line_1_12' title="bbox 578 2739 1819 2834; baseline -0.003 -24"><span class='ocrx_word' id='word_1_79' title='bbox 578 2739 710 2811; x_wconf 87' lang='lat' dir='ltr'><strong>Melius</strong></span> <span class='ocrx_word' id='word_1_80' title='bbox 733 2749 836 2813; x_wconf 89' lang='lat' dir='ltr'><strong>esset</strong></span> <span class='ocrx_word' id='word_1_81' title='bbox 857 2764 923 2834; x_wconf 90' lang='lat' dir='ltr'><strong>pro</strong></span> <span class='ocrx_word' id='word_1_82' title='bbox 946 2743 1115 2814; x_wconf 78' lang='lat' dir='ltr'><strong>Ecclesia</strong></span> <span class='ocrx_word' id='word_1_83' title='bbox 1138 2743 1170 2814; x_wconf 88' lang='lat' dir='ltr'><strong>si</strong></span> <span class='ocrx_word' id='word_1_84' title='bbox 1195 2741 1333 2831; x_wconf 87' lang='lat' dir='ltr'><strong>Status,</strong></span> <span class='ocrx_word' id='word_1_85' title='bbox 1361 2747 1513 2832; x_wconf 88' lang='lat' dir='ltr'><strong>paratus</strong></span> <span class='ocrx_word' id='word_1_86' title='bbox 1547 2745 1647 2810; x_wconf 87' lang='lat' dir='ltr'><strong>esset</strong></span> <span class='ocrx_word' id='word_1_87' title='bbox 1671 2756 1819 2806; x_wconf 87' lang='lat' dir='ltr'><strong>servare</strong></span> 
     </span>
     <span class='ocr_line' id='line_1_13' title="bbox 489 2849 1822 2950; baseline -0.004 -22"><span class='ocrx_word' id='word_1_88' title='bbox 489 2877 618 2928; x_wconf 90' lang='lat' dir='ltr'><strong>omnes</strong></span> <span class='ocrx_word' id='word_1_89' title='bbox 656 2859 758 2948; x_wconf 81' lang='lat' dir='ltr'><strong>leges</strong></span> <span class='ocrx_word' id='word_1_90' title='bbox 793 2858 992 2948; x_wconf 88' lang='lat' dir='ltr'><strong>Ecclesiae,</strong></span> <span class='ocrx_word' id='word_1_91' title='bbox 1019 2867 1055 2930; x_wconf 92' lang='lat' dir='ltr'><strong>et</strong></span> <span class='ocrx_word' id='word_1_92' title='bbox 1077 2859 1194 2930; x_wconf 88' lang='lat' dir='ltr'><strong>eidem</strong></span> <span class='ocrx_word' id='word_1_93' title='bbox 1230 2863 1417 2950; x_wconf 89' lang='lat' dir='ltr'><strong>praestare</strong></span> <span class='ocrx_word' id='word_1_94' title='bbox 1455 2849 1678 2944; x_wconf 88' lang='lat' dir='ltr'><strong>adjutorium</strong></span> <span class='ocrx_word' id='word_1_95' title='bbox 1716 2853 1822 2942; x_wconf 86' lang='lat' dir='ltr'><strong>juxta</strong></span> 
     </span>
     <span class='ocr_line' id='line_1_14' title="bbox 489 2967 1822 3067; baseline -0.004 -23"><span class='ocrx_word' id='word_1_96' title='bbox 489 2993 601 3044; x_wconf 85' lang='lat' dir='ltr'><strong>suum</strong></span> <span class='ocrx_word' id='word_1_97' title='bbox 623 2972 785 3046; x_wconf 88' lang='lat' dir='ltr'><strong>debitum</strong></span> <span class='ocrx_word' id='word_1_98' title='bbox 807 2975 946 3067; x_wconf 84' lang='lat' dir='ltr'><strong>absque</strong></span> <span class='ocrx_word' id='word_1_99' title='bbox 963 2975 1037 3047; x_wconf 92' lang='lat' dir='ltr'><strong>ulla</strong></span> <span class='ocrx_word' id='word_1_100' title='bbox 1058 2975 1301 3047; x_wconf 88' lang='lat' dir='ltr'><strong>concessione</strong></span> <span class='ocrx_word' id='word_1_101' title='bbox 1323 2995 1371 3060; x_wconf 55' lang='grc' dir='ltr'><strong>ομ</strong></span> <span class='ocrx_word' id='word_1_102' title='bbox 1395 2979 1496 3066; x_wconf 89' lang='lat' dir='ltr'><strong>parte</strong></span> <span class='ocrx_word' id='word_1_103' title='bbox 1529 2971 1729 3060; x_wconf 85' lang='lat' dir='ltr'><strong>Ecclesiae,</strong></span> <span class='ocrx_word' id='word_1_104' title='bbox 1755 2967 1822 3040; x_wconf 92' lang='lat' dir='ltr'><strong>sed</strong></span> 
     </span>
     <span class='ocr_line' id='line_1_15' title="bbox 488 3085 1821 3182; baseline -0.005 -21"><span class='ocrx_word' id='word_1_105' title='bbox 488 3110 574 3161; x_wconf 92' lang='lat' dir='ltr'><strong>cum</strong></span> <span class='ocrx_word' id='word_1_106' title='bbox 598 3087 633 3160; x_wconf 92' lang='lat' dir='ltr'><strong>id</strong></span> <span class='ocrx_word' id='word_1_107' title='bbox 656 3113 729 3161; x_wconf 96' lang='lat' dir='ltr'><strong>non</strong></span> <span class='ocrx_word' id='word_1_108' title='bbox 753 3091 968 3181; x_wconf 87' lang='lat' dir='ltr'><strong>verificetur,</strong></span> <span class='ocrx_word' id='word_1_109' title='bbox 984 3091 1150 3164; x_wconf 86' lang='lat' dir='ltr'><strong>Ecclesia</strong></span> <span class='ocrx_word' id='word_1_110' title='bbox 1172 3089 1337 3163; x_wconf 90' lang='lat' dir='ltr'><strong>concedit</strong></span> <span class='ocrx_word' id='word_1_111' title='bbox 1361 3089 1481 3182; x_wconf 90' lang='lat' dir='ltr'><strong>aliqua</strong></span> <span class='ocrx_word' id='word_1_112' title='bbox 1504 3109 1597 3181; x_wconf 88' lang='lat' dir='ltr'><strong>quae</strong></span> <span class='ocrx_word' id='word_1_113' title='bbox 1622 3085 1821 3160; x_wconf 87' lang='lat' dir='ltr'><strong>concedere</strong></span> 
     </span>
     <span class='ocr_line' id='line_1_16' title="bbox 489 3203 1821 3299; baseline -0.003 -21"><span class='ocrx_word' id='word_1_114' title='bbox 489 3213 606 3299; x_wconf 89' lang='lat' dir='ltr'><strong>potest</strong></span> <span class='ocrx_word' id='word_1_115' title='bbox 629 3203 734 3280; x_wconf 87' lang='lat' dir='ltr'><strong>adid</strong></span> <span class='ocrx_word' id='word_1_116' title='bbox 758 3207 1003 3298; x_wconf 91' lang='lat' dir='ltr'><strong>obtinendum,</strong></span> <span class='ocrx_word' id='word_1_117' title='bbox 1029 3216 1064 3280; x_wconf 90' lang='lat' dir='ltr'><strong>et</strong></span> <span class='ocrx_word' id='word_1_118' title='bbox 1088 3207 1155 3280; x_wconf 88' lang='lat' dir='ltr'><strong>hae</strong></span> <span class='ocrx_word' id='word_1_119' title='bbox 1179 3207 1441 3279; x_wconf 89' lang='lat' dir='ltr'><strong>concessiones</strong></span> <span class='ocrx_word' id='word_1_120' title='bbox 1465 3213 1640 3278; x_wconf 88' lang='lat' dir='ltr'><strong>vocantur</strong></span> <span class='ocrx_word' id='word_1_121' title='bbox 1663 3205 1821 3278; x_wconf 87' lang='lat' dir='ltr'><strong>Concor·</strong></span> 
     </span>
     <span class='ocr_line' id='line_1_17' title="bbox 488 3321 1818 3418; baseline -0.002 -25"><span class='ocrx_word' id='word_1_122' title='bbox 488 3323 583 3394; x_wconf 89' lang='lat' dir='ltr'><strong>data.</strong></span> <span class='ocrx_word' id='word_1_123' title='bbox 609 3321 668 3395; x_wconf 92' lang='lat' dir='ltr'><strong>Sic</strong></span> <span class='ocrx_word' id='word_1_124' title='bbox 692 3344 787 3416; x_wconf 71' lang='lat' dir='ltr'><strong>eng.</strong></span> <span class='ocrx_word' id='word_1_125' title='bbox 815 3325 982 3396; x_wconf 88' lang='lat' dir='ltr'><strong>Ecclesia</strong></span> <span class='ocrx_word' id='word_1_126' title='bbox 1005 3325 1188 3398; x_wconf 90' lang='lat' dir='ltr'><strong>concessit</strong></span> <span class='ocrx_word' id='word_1_127' title='bbox 1218 3324 1400 3418; x_wconf 86' lang='lat' dir='ltr'><strong>aliquibus</strong></span> <span class='ocrx_word' id='word_1_128' title='bbox 1434 3321 1667 3414; x_wconf 82' lang='lat' dir='ltr'><strong>Principibus</strong></span> <span class='ocrx_word' id='word_1_129' title='bbox 1705 3322 1818 3394; x_wconf 87' lang='lat' dir='ltr'><strong>nomi·</strong></span> 
     </span>
     <span class='ocr_line' id='line_1_18' title="bbox 489 3437 1671 3534; baseline -0.003 -24"><span class='ocrx_word' id='word_1_130' title='bbox 489 3461 577 3510; x_wconf 90' lang='lat' dir='ltr'><strong>nare</strong></span> <span class='ocrx_word' id='word_1_131' title='bbox 602 3439 805 3533; x_wconf 87' lang='lat' dir='ltr'><strong>Episcopus</strong></span> <span class='ocrx_word' id='word_1_132' title='bbox 828 3439 1026 3514; x_wconf 90' lang='lat' dir='ltr'><strong>dummodo</strong></span> <span class='ocrx_word' id='word_1_133' title='bbox 1051 3449 1283 3534; x_wconf 86' lang='lat' dir='ltr'><strong>praesentent</strong></span> <span class='ocrx_word' id='word_1_134' title='bbox 1307 3461 1486 3532; x_wconf 87' lang='lat' dir='ltr'><strong>personas</strong></span> <span class='ocrx_word' id='word_1_135' title='bbox 1511 3437 1671 3510; x_wconf 84' lang='lat' dir='ltr'><strong>idoneas.</strong></span> 
     </span>
    </p>

    <p class='ocr_par' dir='ltr' id='par_1_7' title="bbox 403 3553 1827 5048">
     <span class='ocr_line' id='line_1_19' title="bbox 579 3553 1821 3648; baseline 0.001 -23"><span class='ocrx_word' id='word_1_136' title='bbox 579 3555 671 3626; x_wconf 86' lang='lat' dir='ltr'><strong>Hine</strong></span> <span class='ocrx_word' id='word_1_137' title='bbox 693 3555 849 3628; x_wconf 87' lang='lat' dir='ltr'><strong>dicimus</strong></span> <span class='ocrx_word' id='word_1_138' title='bbox 873 3579 945 3628; x_wconf 92' lang='lat' dir='ltr'><strong>non</strong></span> <span class='ocrx_word' id='word_1_139' title='bbox 972 3559 1062 3629; x_wconf 88' lang='lat' dir='ltr'><strong>bene</strong></span> <span class='ocrx_word' id='word_1_140' title='bbox 1085 3557 1236 3628; x_wconf 87' lang='lat' dir='ltr'><strong>definire</strong></span> <span class='ocrx_word' id='word_1_141' title='bbox 1259 3555 1486 3630; x_wconf 87' lang='lat' dir='ltr'><strong>Concordata</strong></span> <span class='ocrx_word' id='word_1_142' title='bbox 1509 3555 1570 3648; x_wconf 90' lang='lat' dir='ltr'><strong>qui</strong></span> <span class='ocrx_word' id='word_1_143' title='bbox 1595 3553 1719 3627; x_wconf 92' lang='lat' dir='ltr'><strong>dicunt</strong></span> <span class='ocrx_word' id='word_1_144' title='bbox 1736 3575 1821 3626; x_wconf 88' lang='lat' dir='ltr'><strong>esse</strong></span> 
     </span>
     <span class='ocr_line' id='line_1_20' title="bbox 490 3671 1824 3767; baseline -0.003 -23"><span class='ocrx_word' id='word_1_145' title='bbox 490 3681 596 3766; x_wconf 90' lang='lat' dir='ltr'><strong>pacta</strong></span> <span class='ocrx_word' id='word_1_146' title='bbox 610 3671 655 3744; x_wconf 91' lang='lat' dir='ltr'><strong>de</strong></span> <span class='ocrx_word' id='word_1_147' title='bbox 671 3671 848 3746; x_wconf 88' lang='lat' dir='ltr'><strong>limitibus</strong></span> <span class='ocrx_word' id='word_1_148' title='bbox 871 3673 1095 3746; x_wconf 85' lang='lat' dir='ltr'><strong>auctoritatis</strong></span> <span class='ocrx_word' id='word_1_149' title='bbox 1119 3675 1211 3746; x_wconf 92' lang='lat' dir='ltr'><strong>inter</strong></span> <span class='ocrx_word' id='word_1_150' title='bbox 1234 3673 1436 3767; x_wconf 86' lang='lat' dir='ltr'><strong>Principem</strong></span> <span class='ocrx_word' id='word_1_151' title='bbox 1454 3680 1489 3744; x_wconf 89' lang='lat' dir='ltr'><strong>et</strong></span> <span class='ocrx_word' id='word_1_152' title='bbox 1515 3674 1708 3744; x_wconf 90' lang='lat' dir='ltr'><strong>Summum</strong></span> <span class='ocrx_word' id='word_1_153' title='bbox 1732 3671 1824 3741; x_wconf 88' lang='lat' dir='ltr'><strong>Pon·</strong></span> 
     </span>
     <span class='ocr_line' id='line_1_21' title="bbox 490 3788 1825 3884; baseline -0.001 -24"><span class='ocrx_word' id='word_1_154' title='bbox 490 3788 635 3876; x_wconf 85' lang='lat' dir='ltr'><strong>tilicem,</strong></span> <span class='ocrx_word' id='word_1_155' title='bbox 654 3790 786 3862; x_wconf 84' lang='lat' dir='ltr'><strong>etenim</strong></span> <span class='ocrx_word' id='word_1_156' title='bbox 810 3790 977 3862; x_wconf 87' lang='lat' dir='ltr'><strong>Ecclesia</strong></span> <span class='ocrx_word' id='word_1_157' title='bbox 1000 3799 1056 3862; x_wconf 85' lang='lat' dir='ltr'><strong>est</strong></span> <span class='ocrx_word' id='word_1_158' title='bbox 1079 3789 1253 3884; x_wconf 87' lang='lat' dir='ltr'><strong>Superior</strong></span> <span class='ocrx_word' id='word_1_159' title='bbox 1288 3791 1426 3865; x_wconf 86' lang='lat' dir='ltr'><strong>ratione</strong></span> <span class='ocrx_word' id='word_1_160' title='bbox 1466 3789 1561 3878; x_wconf 80' lang='lat' dir='ltr'><strong>linia,</strong></span> <span class='ocrx_word' id='word_1_161' title='bbox 1597 3789 1645 3860; x_wconf 92' lang='lat' dir='ltr'><strong>uti</strong></span> <span class='ocrx_word' id='word_1_162' title='bbox 1682 3795 1825 3860; x_wconf 87' lang='lat' dir='ltr'><strong>constat</strong></span> 
     </span>
     <span class='ocr_line' id='line_1_22' title="bbox 491 3904 1823 3998; baseline -0.002 -21"><span class='ocrx_word' id='word_1_163' title='bbox 491 3927 537 3977; x_wconf 82' lang='lat' dir='ltr'><strong>ex</strong></span> <span class='ocrx_word' id='word_1_164' title='bbox 549 3904 912 3992; x_wconf 87' lang='lat' dir='ltr'><strong>catholicadoetrina,</strong></span> <span class='ocrx_word' id='word_1_165' title='bbox 938 3906 1023 3984; x_wconf 92' lang='lat' dir='ltr'><strong>hinc</strong></span> <span class='ocrx_word' id='word_1_166' title='bbox 1041 3907 1107 3996; x_wconf 86' lang='lat' dir='ltr'><strong>jus</strong></span> <span class='ocrx_word' id='word_1_167' title='bbox 1130 3907 1239 3980; x_wconf 91' lang='lat' dir='ltr'><strong>habet</strong></span> <span class='ocrx_word' id='word_1_168' title='bbox 1260 3904 1476 3998; x_wconf 86' lang='lat' dir='ltr'><strong>disponendi</strong></span> <span class='ocrx_word' id='word_1_169' title='bbox 1493 3905 1537 3976; x_wconf 89' lang='lat' dir='ltr'><strong>de</strong></span> <span class='ocrx_word' id='word_1_170' title='bbox 1554 3906 1609 3977; x_wconf 91' lang='lat' dir='ltr'><strong>eis</strong></span> <span class='ocrx_word' id='word_1_171' title='bbox 1625 3926 1719 3998; x_wconf 91' lang='lat' dir='ltr'><strong>quae</strong></span> <span class='ocrx_word' id='word_1_172' title='bbox 1737 3913 1823 3975; x_wconf 90' lang='lat' dir='ltr'><strong>sunt</strong></span> 
     </span>
     <span class='ocr_line' id='line_1_23' title="bbox 491 4019 1823 4116; baseline -0.001 -23"><span class='ocrx_word' id='word_1_173' title='bbox 491 4025 704 4094; x_wconf 87' lang='lat' dir='ltr'><strong>necessaria</strong></span> <span class='ocrx_word' id='word_1_174' title='bbox 727 4024 784 4093; x_wconf 85' lang='lat' dir='ltr'><strong>vel</strong></span> <span class='ocrx_word' id='word_1_175' title='bbox 807 4023 909 4094; x_wconf 86' lang='lat' dir='ltr'><strong>utilia</strong></span> <span class='ocrx_word' id='word_1_176' title='bbox 932 4045 999 4116; x_wconf 85' lang='lat' dir='ltr'><strong>pro</strong></span> <span class='ocrx_word' id='word_1_177' title='bbox 1023 4023 1095 4096; x_wconf 86' lang='lat' dir='ltr'><strong>line</strong></span> <span class='ocrx_word' id='word_1_178' title='bbox 1120 4045 1202 4113; x_wconf 92' lang='lat' dir='ltr'><strong>suo,</strong></span> <span class='ocrx_word' id='word_1_179' title='bbox 1228 4023 1369 4094; x_wconf 87' lang='lat' dir='ltr'><strong>etiamsi</strong></span> <span class='ocrx_word' id='word_1_180' title='bbox 1392 4021 1538 4116; x_wconf 91' lang='lat' dir='ltr'><strong>aliquod</strong></span> <span class='ocrx_word' id='word_1_181' title='bbox 1571 4019 1823 4095; x_wconf 88' lang='lat' dir='ltr'><strong>detrimentum</strong></span> 
     </span>
     <span class='ocr_line' id='line_1_24' title="bbox 490 4137 1826 4234; baseline -0.001 -24"><span class='ocrx_word' id='word_1_182' title='bbox 490 4138 687 4230; x_wconf 86' lang='lat' dir='ltr'><strong>temporale</strong></span> <span class='ocrx_word' id='word_1_183' title='bbox 713 4137 795 4210; x_wconf 90' lang='lat' dir='ltr'><strong>inde</strong></span> <span class='ocrx_word' id='word_1_184' title='bbox 820 4148 1006 4232; x_wconf 87' lang='lat' dir='ltr'><strong>sequatur,</strong></span> <span class='ocrx_word' id='word_1_185' title='bbox 1033 4138 1132 4234; x_wconf 90' lang='lat' dir='ltr'><strong>quod</strong></span> <span class='ocrx_word' id='word_1_186' title='bbox 1155 4148 1211 4211; x_wconf 89' lang='lat' dir='ltr'><strong>est</strong></span> <span class='ocrx_word' id='word_1_187' title='bbox 1235 4141 1414 4233; x_wconf 85' lang='lat' dir='ltr'><strong>patienter</strong></span> <span class='ocrx_word' id='word_1_188' title='bbox 1451 4138 1692 4228; x_wconf 87' lang='lat' dir='ltr'><strong>tolerandum,</strong></span> <span class='ocrx_word' id='word_1_189' title='bbox 1719 4147 1755 4209; x_wconf 90' lang='lat' dir='ltr'><strong>et</strong></span> <span class='ocrx_word' id='word_1_190' title='bbox 1778 4139 1826 4209; x_wconf 91' lang='lat' dir='ltr'><strong>le-</strong></span> 
     </span>
     <span class='ocr_line' id='line_1_25' title="bbox 490 4255 1827 4348; baseline -0.001 -22"><span class='ocrx_word' id='word_1_191' title='bbox 490 4255 635 4348; x_wconf 82' lang='lat' dir='ltr'><strong>gislatio</strong></span> <span class='ocrx_word' id='word_1_192' title='bbox 659 4255 778 4326; x_wconf 87' lang='lat' dir='ltr'><strong>civilis</strong></span> <span class='ocrx_word' id='word_1_193' title='bbox 802 4255 926 4347; x_wconf 87' lang='lat' dir='ltr'><strong>incipit</strong></span> <span class='ocrx_word' id='word_1_194' title='bbox 949 4255 1117 4328; x_wconf 89' lang='lat' dir='ltr'><strong>ordinare</strong></span> <span class='ocrx_word' id='word_1_195' title='bbox 1141 4257 1286 4348; x_wconf 86' lang='lat' dir='ltr'><strong>negotia</strong></span> <span class='ocrx_word' id='word_1_196' title='bbox 1310 4255 1471 4328; x_wconf 90' lang='lat' dir='ltr'><strong>humana</strong></span> <span class='ocrx_word' id='word_1_197' title='bbox 1493 4277 1578 4327; x_wconf 92' lang='lat' dir='ltr'><strong>cum</strong></span> <span class='ocrx_word' id='word_1_198' title='bbox 1598 4257 1677 4344; x_wconf 76' lang='lat' dir='ltr'><strong>J&#39;am</strong></span> <span class='ocrx_word' id='word_1_199' title='bbox 1700 4256 1746 4326; x_wconf 87' lang='lat' dir='ltr'><strong>ab</strong></span> <span class='ocrx_word' id='word_1_200' title='bbox 1770 4277 1827 4326; x_wconf 88' lang='lat' dir='ltr'><strong>ec-</strong></span> 
     </span>
     <span class='ocr_line' id='line_1_26' title="bbox 490 4371 1826 4466; baseline -0.003 -22"><span class='ocrx_word' id='word_1_201' title='bbox 490 4372 696 4446; x_wconf 86' lang='lat' dir='ltr'><strong>clesiastiea</strong></span> <span class='ocrx_word' id='word_1_202' title='bbox 720 4371 800 4462; x_wconf 81' lang='lat' dir='ltr'><strong>lege</strong></span> <span class='ocrx_word' id='word_1_203' title='bbox 825 4381 912 4443; x_wconf 83' lang='lat' dir='ltr'><strong>sunt</strong></span> <span class='ocrx_word' id='word_1_204' title='bbox 935 4371 1100 4444; x_wconf 90' lang='lat' dir='ltr'><strong>ordinata</strong></span> <span class='ocrx_word' id='word_1_205' title='bbox 1124 4394 1189 4466; x_wconf 87' lang='lat' dir='ltr'><strong>pro</strong></span> <span class='ocrx_word' id='word_1_206' title='bbox 1213 4372 1378 4444; x_wconf 84' lang='lat' dir='ltr'><strong>felicitate</strong></span> <span class='ocrx_word' id='word_1_207' title='bbox 1403 4381 1562 4462; x_wconf 89' lang='lat' dir='ltr'><strong>aeterna,</strong></span> <span class='ocrx_word' id='word_1_208' title='bbox 1589 4371 1741 4466; x_wconf 90' lang='lat' dir='ltr'><strong>ideoque</strong></span> <span class='ocrx_word' id='word_1_209' title='bbox 1779 4371 1826 4442; x_wconf 91' lang='lat' dir='ltr'><strong>ibi</strong></span> 
     </span>
     <span class='ocr_line' id='line_1_27' title="bbox 492 4487 1822 4580; baseline 0.002 -22"><span class='ocrx_word' id='word_1_210' title='bbox 492 4489 612 4580; x_wconf 92' lang='lat' dir='ltr'><strong>incipit</strong></span> <span class='ocrx_word' id='word_1_211' title='bbox 636 4489 816 4578; x_wconf 86' lang='lat' dir='ltr'><strong>legislatio</strong></span> <span class='ocrx_word' id='word_1_212' title='bbox 832 4489 948 4560; x_wconf 87' lang='lat' dir='ltr'><strong>civilis</strong></span> <span class='ocrx_word' id='word_1_213' title='bbox 964 4489 1026 4561; x_wconf 86' lang='lat' dir='ltr'><strong>ubi</strong></span> <span class='ocrx_word' id='word_1_214' title='bbox 1044 4489 1176 4561; x_wconf 87' lang='lat' dir='ltr'><strong>desinit</strong></span> <span class='ocrx_word' id='word_1_215' title='bbox 1200 4489 1467 4561; x_wconf 88' lang='lat' dir='ltr'><strong>Ecclesiastica.</strong></span> <span class='ocrx_word' id='word_1_216' title='bbox 1487 4488 1580 4562; x_wconf 91' lang='lat' dir='ltr'><strong>Hinc</strong></span> <span class='ocrx_word' id='word_1_217' title='bbox 1596 4487 1822 4560; x_wconf 71' lang='lat' dir='ltr'><strong>concordata</strong></span> 
     </span>
     <span class='ocr_line' id='line_1_28' title="bbox 492 4604 1827 4700; baseline 0.001 -26"><span class='ocrx_word' id='word_1_218' title='bbox 492 4627 563 4678; x_wconf 91' lang='lat' dir='ltr'><strong>non</strong></span> <span class='ocrx_word' id='word_1_219' title='bbox 588 4615 674 4677; x_wconf 87' lang='lat' dir='ltr'><strong>sunt</strong></span> <span class='ocrx_word' id='word_1_220' title='bbox 699 4611 803 4697; x_wconf 86' lang='lat' dir='ltr'><strong>pacta</strong></span> <span class='ocrx_word' id='word_1_221' title='bbox 825 4604 870 4678; x_wconf 87' lang='lat' dir='ltr'><strong>de</strong></span> <span class='ocrx_word' id='word_1_222' title='bbox 894 4605 1070 4678; x_wconf 89' lang='lat' dir='ltr'><strong>limitibus</strong></span> <span class='ocrx_word' id='word_1_223' title='bbox 1094 4608 1285 4700; x_wconf 87' lang='lat' dir='ltr'><strong>potestatis</strong></span> <span class='ocrx_word' id='word_1_224' title='bbox 1324 4607 1417 4678; x_wconf 89' lang='lat' dir='ltr'><strong>inter</strong></span> <span class='ocrx_word' id='word_1_225' title='bbox 1452 4605 1639 4700; x_wconf 89' lang='lat' dir='ltr'><strong>Principes</strong></span> <span class='ocrx_word' id='word_1_226' title='bbox 1663 4615 1699 4678; x_wconf 90' lang='lat' dir='ltr'><strong>et</strong></span> <span class='ocrx_word' id='word_1_227' title='bbox 1722 4607 1827 4677; x_wconf 89' lang='lat' dir='ltr'><strong>Sum·</strong></span> 
     </span>
     <span class='ocr_line' id='line_1_29' title="bbox 492 4721 1827 4816; baseline 0 -24"><span class='ocrx_word' id='word_1_228' title='bbox 492 4741 593 4794; x_wconf 91' lang='lat' dir='ltr'><strong>mum</strong></span> <span class='ocrx_word' id='word_1_229' title='bbox 632 4721 856 4810; x_wconf 86' lang='lat' dir='ltr'><strong>Pontificem,</strong></span> <span class='ocrx_word' id='word_1_230' title='bbox 882 4724 948 4794; x_wconf 88' lang='lat' dir='ltr'><strong>sed</strong></span> <span class='ocrx_word' id='word_1_231' title='bbox 971 4724 1237 4794; x_wconf 87' lang='lat' dir='ltr'><strong>concessiones</strong></span> <span class='ocrx_word' id='word_1_232' title='bbox 1259 4721 1459 4810; x_wconf 84' lang='lat' dir='ltr'><strong>Pontificis,</strong></span> <span class='ocrx_word' id='word_1_233' title='bbox 1483 4721 1577 4816; x_wconf 84' lang='lat' dir='ltr'><strong>quae</strong></span> <span class='ocrx_word' id='word_1_234' title='bbox 1616 4723 1827 4794; x_wconf 90' lang='lat' dir='ltr'><strong>concessio·</strong></span> 
     </span>
     <span class='ocr_line' id='line_1_30' title="bbox 403 4837 1819 4934; baseline 0 -24"><span class='ocrx_word' id='word_1_235' title='bbox 403 4844 411 4866; x_wconf 84' lang='grc'><em>“</em></span> <span class='ocrx_word' id='word_1_236' title='bbox 491 4859 560 4910; x_wconf 88' lang='lat' dir='ltr'><strong>nes</strong></span> <span class='ocrx_word' id='word_1_237' title='bbox 585 4837 750 4911; x_wconf 84' lang='lat' dir='ltr'><strong>Pontifex</strong></span> <span class='ocrx_word' id='word_1_238' title='bbox 772 4839 860 4912; x_wconf 86' lang='lat' dir='ltr'><strong>lacit</strong></span> <span class='ocrx_word' id='word_1_239' title='bbox 883 4844 953 4911; x_wconf 88' lang='lat' dir='ltr'><strong>sub</strong></span> <span class='ocrx_word' id='word_1_240' title='bbox 976 4838 1193 4930; x_wconf 91' lang='lat' dir='ltr'><strong>conditione,</strong></span> <span class='ocrx_word' id='word_1_241' title='bbox 1219 4860 1412 4934; x_wconf 85' lang='lat' dir='ltr'><strong>quousque</strong></span> <span class='ocrx_word' id='word_1_242' title='bbox 1451 4841 1520 4912; x_wconf 84' lang='lat' dir='ltr'><strong>hac</strong></span> <span class='ocrx_word' id='word_1_243' title='bbox 1557 4839 1819 4912; x_wconf 88' lang='lat' dir='ltr'><strong>concessiones</strong></span> 
     </span>
     <span class='ocr_line' id='line_1_31' title="bbox 493 4953 1827 5048; baseline 0 -22"><span class='ocrx_word' id='word_1_244' title='bbox 493 4953 570 5028; x_wconf 88' lang='lat' dir='ltr'><strong>fieri</strong></span> <span class='ocrx_word' id='word_1_245' title='bbox 595 4955 738 5048; x_wconf 86' lang='lat' dir='ltr'><strong>possint</strong></span> <span class='ocrx_word' id='word_1_246' title='bbox 762 4955 841 5027; x_wconf 91' lang='lat' dir='ltr'><strong>sine</strong></span> <span class='ocrx_word' id='word_1_247' title='bbox 863 4956 1007 5046; x_wconf 85' lang='lat' dir='ltr'><strong>jactura</strong></span> <span class='ocrx_word' id='word_1_248' title='bbox 1030 4957 1248 5047; x_wconf 87' lang='lat' dir='ltr'><strong>animarum,</strong></span> <span class='ocrx_word' id='word_1_249' title='bbox 1274 4965 1310 5027; x_wconf 88' lang='lat' dir='ltr'><strong>et</strong></span> <span class='ocrx_word' id='word_1_250' title='bbox 1340 4955 1500 5048; x_wconf 83' lang='lat' dir='ltr'><strong>obligant</strong></span> <span class='ocrx_word' id='word_1_251' title='bbox 1522 4955 1638 5029; x_wconf 91' lang='lat' dir='ltr'><strong>donec</strong></span> <span class='ocrx_word' id='word_1_252' title='bbox 1662 4953 1827 5028; x_wconf 89' lang='lat' dir='ltr'><strong>Ecclesia</strong></span> 
     </span>
    </p>
   </div>
   <div class='ocr_carea' id='block_1_6' title="bbox 0 0 2042 6322">
    <p class='ocr_par' dir='ltr' id='par_1_8' title="bbox 0 0 2042 6322">
     <span class='ocr_line' id='line_1_32' title="bbox 0 0 2042 6322; baseline 0 0"><span class='ocrx_word' id='word_1_253' title='bbox 0 0 2042 6322; x_wconf 95' lang='lat' dir='ltr'><strong> </strong></span> 
     </span>
    </p>
   </div>
  </div>
 </body>
</html>
