4054 6322
131 1087 133 1092 ⁸
218 1105 427 1196 Regalistae
451 1105 612 1176 tribuunt
635 1104 836 1176 auctoritati
865 1104 957 1175 civili
997 1105 1058 1192 ius
1090 1101 1197 1174 dandi
1237 1101 1310 1171 vim
1344 1109 1379 1172 et
1417 1121 1552 1174 execu-

219 1223 353 1292 tionem
377 1221 520 1312 legibus
545 1221 733 1292 Ecclesiae
758 1221 814 1295 vei
838 1241 923 1309 non,
951 1229 984 1292 et
1008 1221 1056 1290 ita
1080 1220 1183 1310 leges
1208 1220 1396 1290 Ecclesiae
1424 1217 1479 1288 vel
1495 1239 1552 1290 re·

218 1335 375 1429 cipiendi
424 1335 478 1406 vel
516 1336 741 1425 annullandi,
779 1337 825 1407 et¹
851 1336 919 1406 hoc
960 1338 1030 1407 sub
1075 1343 1223 1408 nomine
1262 1335 1365 1425 Regii
1414 1334 1551 1436 Placiti.

218 1456 387 1525 Jamvero
410 1455 567 1526 tribuere
591 1453 684 1524 civili
708 1454 907 1524 auctoritati
929 1455 995 1542 jus
1018 1453 1228 1526 nominandi
1264 1451 1450 1524 Ecclesiae
1488 1451 1554 1520 Mi·

218 1571 366 1655 nistroS,
393 1579 428 1642 et
451 1591 516 1642 eos
540 1569 749 1642 removendi
774 1591 838 1662 per
858 1571 923 1657 jus
948 1571 1083 1659 Regiae
1109 1569 1389 1650 Nominationis,
1416 1575 1451 1638 et
1486 1568 1552 1657 jus

218 1688 409 1780 recipiendi
434 1687 536 1780 leges
560 1687 749 1768 Ecclesiae
775 1687 830 1757 vel
854 1685 1064 1757 annullandi
1090 1707 1153 1778 per
1177 1685 1354 1756 Placitum
1381 1683 1550 1775 Regium,

218 1813 274 1875 est
296 1803 453 1876 tribuere
477 1803 569 1874 civili
594 1803 797 1876 auctoritati
813 1803 1220 1874 omnemauctoritatem
1235 1798 1553 1892 Ecclesiae,'quod

217 1931 289 1990 non
313 1929 368 1992 est
391 1919 484 1990 tueri
506 1921 595 2009 jura
623 1919 757 2007 civilia,
791 1918 857 1989 sed
896 1917 1086 1992 destruere
1127 1919 1342 2006 Ecclesiam,
1383 1916 1552 1987 Ecclesia

217 2037 313 2136 enirn
337 2036 503 2108 consistit
527 2035 562 2104 in
588 2055 658 2106 sua
681 2035 911 2121 auctoritate,
938 2043 972 2105 et
996 2033 1117 2105 omnis
1141 2033 1328 2106 Ecclesiae
1352 2032 1553 2104 auctoritas

219 2153 384 2224 consistit
408 2153 443 2222 in
470 2152 653 2228 Ecclesiae
679 2151 856 2228 Ministris
880 2161 914 2222 et
938 2152 974 2222 in
999 2152 1186 2222 Ecclesiae
1214 2150 1368 2241 legibus.

309 2269 404 2359 Ergo
428 2269 545 2339 civilis
568 2270 766 2376 auctoritas
790 2269 930 2341 nullum
950 2269 1016 2356 jus
1041 2265 1147 2339 habet
1171 2267 1358 2360 proprium
1383 2267 1417 2336 in
1438 2267 1554 2338 nomi·

220 2383 351 2456 nandis
376 2385 563 2456 Ecclesiae
588 2384 777 2456 Ministris.

194 2494 196 2502 “
282 2539 284 2544 ,
305 2503 431 2572 Potest
454 2509 573 2572 tamen
598 2501 713 2572 civilis
737 2501 937 2572 auctoritas
961 2499 1094 2572 habere
1114 2501 1180 2589 jus
1203 2500 1411 2590 delegatum
1436 2500 1553 2570 no'mi·

101 2627 105 2638 ’
204 2617 330 2688 'nandi
356 2617 572 2710 EpiscopoS,
599 2618 765 2688 Ecclesia
789 2617 886 2688 enirn
910 2625 1029 2710 potest
1046 2617 1081 2687 id
1097 2616 1298 2688 concedere
1315 2637 1379 2709 per
1396 2615 1554 2688 Concor·

219 2734 303 2808 data
327 2735 381 2804 vel
404 2733 609 2824 Priviiegia,
635 2742 671 2804 et
693 2741 779 2805 tunc
802 2757 875 2804 non
913 2733 1020 2804 laedit
1058 2734 1309 2805 auctoritatem
1329 2733 1551 2820 ‚Ecclesiae

214 2850 280 2939 jus
302 2850 399 2920 enim
422 2847 601 2942 dependet
625 2859 711 2921 tunc
735 2851 781 2920 ab
806 2849 982 2937 Ecclesia,
1010 2859 1045 2920 et
1069 2850 1206 2920 tamdiu
1232 2849 1403 2943 perdurat
1425 2869 1553 2943 quam·

218 2965 280 3056 diu
303 2968 348 3036 ab
374 2967 541 3038 Ecclesia
564 2988 636 3038 non
663 2975 867 3038 revocatur.

307 3084 358 3154 Ita
381 3083 586 3172 Regalistae
610 3085 769 3152 tribuunt
792 3083 906 3154 Statui
928 3085 995 3173 jus
1020 3084 1190 3174 exigendi
1225 3085 1476 3172 juramentum
1511 3084 1552 3150 fi·
1580 3083 1590 3088 “
1691 3143 1694 3151 .

219 3197 374 3271 delitatis
398 3199 443 3270 ab
468 3197 672 3290 Episcopis,
698 3199 794 3292 quod
813 3200 945 3290 pariter
969 3208 1025 3270 est
1049 3200 1206 3270 tribuere
1223 3199 1338 3272 Statui
1356 3199 1553 3292 quamdam

220 3317 469 3388 auctoritatem
493 3315 527 3386 in
553 3317 769 3404 Ecclesiam,
796 3317 928 3388 etenim
953 3317 1370 3408 exigerejurarnenturn
1405 3315 1554 3388 fidelita-

223 3433 269 3503 tis
292 3433 338 3503 ab
362 3433 550 3504 Ecclesiae
575 3431 752 3502 Ministris
776 3432 871 3504 idem
895 3441 952 3504 est
974 3454 1019 3504 ac
1047 3433 1139 3525 ipsis
1179 3433 1364 3524 imponere
1391 3433 1553 3524 ⁸aiteram

222 3549 450 3620 sanctionem
466 3557 607 3640 praeter·
630 3548 917 3620 ecclesiasticam
940 3571 1006 3640 pro
1031 3549 1125 3620 fideli
1150 3549 1321 3620 exercitio
1338 3549 1472 3640 proprii
1489 3549 1553 3618 rni-

221 3666 347 3754 niste1·j
373 3685 439 3735 eos
463 3665 655 3755 obligando
690 3685 782 3736 novo
822 3665 965 3736 vinculo
1004 3665 1235 3756 obligationis
1274 3665 1414 3736 scilicet
1447 3665 1553 3754 jura-

218 3782 342 3867 menti,
368 3789 403 3852 et
426 3801 492 3852 eos
526 3781 720 3852 damnandi
744 3803 862 3874 poena
887 3781 1032 3873 perjurii
1068 3781 1100 3851 si
1135 3782 1374 3852 ministerium
1399 3781 1551 3853 fideliter·

220 3918 292 3969 non
317 3904 521 3983 exerceant,
547 3897 643 3989 quod
667 3906 723 3968 est
746 3919 843 3970 onus
870 3897 971 3968 valde
994 3919 1105 3988 grave
1122 3919 1188 3990 pro
1212 3897 1435 3968 conscientia
1471 3899 1551 3986 jam

218 4021 317 4084 recta
340 4022 375 4084 et
397 4015 574 4085 timorata.
992 4109 994 4112 Ι

306 4131 431 4200 Potest
455 4141 577 4201 tamen
602 4132 768 4201 Ecclesia
791 4131 996 4222 permittere
1022 4131 1215 4224 Episcopis
1246 4137 1433 4224 praestare
1472 4131 1551 4201 Sta-

218 4247 269 4318 lui
293 4245 363 4317 hoc
381 4247 631 4335 juramentum
656 4246 849 4334 fidelitatis,
875 4245 1131 4342 utaliquando
1157 4247 1320 4338 permisit
1353 4267 1402 4320 ex
1434 4247 1552 4337 gravi-

218 4363 528 4453 busrationibuS,
553 4363 610 4435 vel
633 4363 679 4434 ad
702 4363 868 4435 vitandas
892 4365 1136 4456 suspiciones.
1164 4363 1225 4436 Sic
1250 4364 1413 4457 permisit
1421 4365 1548 4458 jurare

217 4478 427 4552 feudatariis
450 4479 656 4572 Episcopis.
