4054 6322
1425 866 1467 938 ll

321 1047 464 1128 Quibus
490 1047 661 1118 omnibus
684 1050 779 1137 patet
804 1045 975 1114 Formam
997 1041 1272 1134 praeferendam
1307 1063 1393 1112 esse
1428 1041 1570 1110 Monar-

233 1163 373 1236 chicam
414 1171 561 1257 propter
599 1161 785 1244 unitatem,
813 1158 881 1232 sed
920 1167 1168 1251 temperatam,
1194 1156 1229 1228 id
1253 1166 1310 1229 est
1333 1161 1569 1250 temperatam

228 1280 405 1370 regimine
428 1289 463 1350 et
485 1279 747 1370 gubernatione
771 1276 930 1369 plurium
953 1277 1025 1348 sub
1060 1276 1235 1346 Monarca
1270 1281 1414 1368 propter
1453 1279 1569 1344 matu·

212 1419 307 1468 ram
331 1408 364 1468 et
389 1396 626 1488 impartialem
650 1393 920 1465 discussionem
936 1401 978 1464 et
1002 1392 1222 1512 solutionem
1246 1389 1489 1482 negotiorum.
1603 1404 1609 1416 ·

326 1593 362 1646 ΙΝ
390 1591 595 1644 nullanetus
620 1589 828 1642 'rttttt’ttltttlt
854 1588 1166 1642 rsursnamutruu
1191 1585 1361 1648 uuouulu
1388 1585 1452 1638 Sl’l'.

318 1749 500 1820 menne.
529 1787 569 1797 -
594 1743 632 1814 ln
657 1743 868 1834 Monarchia
891 1749 1089 1834 temperata
1112 1741 1296 1834 quodnam
1320 1741 1366 1812 sit
1391 1749 1570 1832 tempera·

231 1871 392 1935 mentum
416 1860 641 1934 auctoritatis
665 1859 855 1952 Principis,
882 1867 917 1930 at
941 1861 975 1929 in
1000 1881 1072 1952 quo
1096 1859 1273 1930 consistat
1297 1857 1489 1950 praecipue
1506 1878 1568 1927 su·

230 1980 429 2051 bordinatio
454 1978 613 2071 plurium
636 1977 917 2078 gubernantium
942 1978 1163 2047 societatem.

320 2097 565 2186 Respondemus.
594 2135 634 2146 -
660 2093 698 2164 ln
718 2092 867 2183 judiciis
892 2094 968 2163 Rex
992 2091 1099 2162 debet
1122 2093 1224 2182 sequi
1251 2091 1427 2179 majorem
1444 2097 1478 2161 et
1511 2107 1570 2159 sa·

231 2213 370 2284 niorem
396 2221 534 2304 partem
559 2215 739 2282 votorum.
765 2209 820 2280 En
845 2215 1171 2300 temperamentum
1201 2206 1432 2279 Monarebae.

322 2329 357 2397 ln
384 2328 553 2399 Ecclesia
576 2327 669 2406 volat
696 2327 711 2366 ‘⁴
738 2326 798 2398 ubi
824 2327 955 2396 Petrus
979 2325 1024 2395 ibi
1052 2324 1217 2395 Ecclesia
1242 2375 1258 2412 „
1285 2345 1329 2394 ex
1357 2319 1519 2394 Primatu
1535 2332 1568 2393 et

230 2446 480 2536 infallibilitate
504 2443 645 2514 Summi
671 2440 868 2514 Pontificis.

323 2564 401 2632 Rex
425 2560 524 2650 eligit
548 2559 742 2650 pluresad
774 2558 972 2649 regendam
1011 2560 1234 2646 societatem,
1276 2579 1414 2650 eosque
1453 2564 1571 2648 potest

234 2679 429 2772 deponere.
457 2678 512 2746 En
537 2675 786 2747 subordinatio
810 2675 968 2766 plurium
993 2675 1055 2746 uni
1079 2675 1182 2766 Regi.

512 2871 684 2932 SEQUITUR
711 2869 981 2924 nuncusrulrtu
1009 2869 1290 2924 PROPOSITIOlet

266 3000 385 3054 FORHA
413 2996 637 3052 uuulncntcl
665 2993 872 3048 scurnum
899 2995 990 3047 PRAE
1016 2977 1183 3048 claruuts
1208 2995 1268 3048 EST
1296 2995 1540 3047 PRAEFERENDA

318 3153 467 3224 Clarum
492 3149 668 3242 estquod
692 3157 830 3220 rectum
863 3151 1024 3240 regimen
1066 3171 1138 3219 non
1177 3149 1223 3219 sit
1258 3149 1421 3240 regimen
1456 3149 1569 3220 unius

230 3271 307 3358 viri,
334 3291 418 3343 cum
442 3271 521 3360 ipse
545 3267 591 3337 sit
614 3265 772 3337 lallibilis
796 3275 831 3337 et
856 3265 1061 3356 peccabilis,
1089 3264 1155 3337 sed
1179 3267 1342 3356 regimen
1357 3267 1567 3353 multorum,

231 3387 365 3480 quibus
388 3393 487 3456 unus
514 3383 648 3476 praesit
671 3391 712 3454 ut
734 3384 863 3472 Caput.
891 3384 1033 3452 Revera
1057 3379 1117 3454 hic
1140 3389 1197 3454 ast
1220 3381 1308 3453 ordo
1333 3391 1367 3453 et
1408 3383 1569 3454 necessi·

229 3510 288 3572 tas
312 3501 488 3572 naturalis
513 3499 713 3590 regiminis,
739 3506 773 3569 et
798 3498 895 3570 hunc
919 3497 1083 3569 ordinem
1108 3506 1310 3590 sequuntur
1332 3499 1565 3584 Monarcbae,

234 3627 354 3689 tamen
380 3617 447 3709 ipsi
473 3625 560 3687 sunt
583 3616 800 3708 peccabileS,
827 3623 923 3707 patet
948 3615 1055 3706 igitur
1078 3637 1171 3718 quae
1196 3625 1281 3686 sunt
1306 3617 1518 3688 necessaria
1535 3625 1570 3690 et

230 3735 275 3805 de
298 3744 429 3804 natura
453 3731 589 3802 ordinis
614 3728 762 3804 socialis
786 3755 859 3804 non
873 3753 959 3804 esse
976 3731 1233 3804 committenda
1246 3731 1417 3802 voluntati
1442 3733 1566 3820 uulua,

207 3850 295 3921 'sed
318 3869 410 3940 asse
428 3848 621 3919 statuenda
645 3847 681 3918 in
705 3848 786 3940 ipsa
810 3845 1077 3934 constitutione,
1103 3856 1137 3917 at
1162 3845 1232 3918 hoc
1255 3858 1311 3918 est
1352 3849 1564 3919 Monarchia

228 3972 437 4057 temperata.
465 3965 619 4034 Rectum
642 3963 739 4034 enim
763 3963 926 4055 regimen
951 3963 1138 4034 societatis
1161 3987 1207 4034 ex
1232 3964 1313 4055 ipsa
1349 3972 1479 4035 natura
1514 3987 1570 4036 rs·

228 4082 336 4174 quirit
360 4089 400 4153 ut
423 4101 495 4149 non
520 4101 618 4150 unus
643 4087 791 4179 tantum·
808 4079 938 4150 habeat
960 4099 1089 4150 curam
1111 4079 1338 4170 gubernandi
1361 4081 1475 4169 cives,
1502 4081 1569 4152 sed

233 4198 358 4289 pluras
383 4197 649 4268 constituantur
673 4219 738 4288 pro
763 4197 859 4268 bono
884 4195 1027 4288 publico
1053 4195 1260 4285 obtinendo,
1286 4197 1383 4289 quod
1421 4196 1568 4290 quidem

232 4335 361 4384 omnes
385 4313 521 4383 iaciunt
543 4313 603 4406 qui
628 4319 806 4406 praesunt
829 4313 1005 4400 societati,
1033 4334 1163 4384 omnes
1179 4313 1275 4384 anim
1289 4315 1412 4404 Reges
1436 4313 1569 4384 habent

230 4430 355 4520 plures
379 4429 568 4500 Ministros
592 4437 626 4499 et
649 4427 891 4499 consiliarios.
910 4427 1048 4499 Tamen
1067 4436 1186 4520 potest
1209 4429 1368 4519 evenire,
1395 4439 1429 4500 et
1458 4428 1570 4502 histo-

229 4543 282 4616 ria
306 4567 419 4636 saepe
441 4545 612 4617 evenisse
636 4544 753 4632 docet,
778 4542 876 4637 quod
900 4544 1120 4615 Monarchac
1144 4566 1229 4616 cum
1253 4545 1324 4616 sint
1362 4535 1569 4633 peccabiles

228 4661 263 4732 in
289 4659 358 4732 hoc
382 4682 455 4732 non
480 4662 571 4731 satis
596 4659 818 4752 prospiciant
842 4660 1031 4752 pubblicaa
1055 4659 1205 4748 utilitati,
1233 4669 1363 4736 natura
1386 4661 1487 4734 anim
1503 4661 1569 4732 hu·

228 4797 338 4847 mana
361 4796 476 4867 prona
500 4785 557 4848 est
580 4774 626 4846 ad
650 4777 900 4864 auctoritatem
924 4777 960 4845 in
987 4797 1027 4850 se
1068 4777 1301 4863 servandam,
1337 4776 1570 4870 potiusquam

229 4892 275 4963 ad
299 4913 381 4964 eam
404 4891 641 4964 minuendam
678 4913 722 4964 aa
745 4891 973 4966 auctoritatis
1007 4893 1279 4986 participatione
1319 4893 1568 4967 subordinatis
