4054 6322
515 973 773 1062 (1010101801,
798 972 918 1067 quoad
953 971 1207 1068 obligationem
1237 995 1348 1064 quem
1378 968 1485 1047 hebet
1519 968 1696 1069 riperti,
1730 975 1848 1067 potest

396 1139 400 1149 -
517 1092 678 1164 revocari
703 1091 749 1162 ad
773 1099 902 1164 nutum
925 1091 1125 1164 Pontifiois.
1151 1091 1188 1162 Si
1208 1090 1372 1164 Pontifex
1395 1109 1469 1162 non
1492 1099 1651 1180 revocat,
1677 1090 1747 1164 hoc
1772 1112 1845 1164 non

465 1273 466 1276 ,
518 1215 575 1280 001
597 1206 681 1304 quia
697 1215 841 1282 tenetur
856 1207 903 1280 ad
919 1205 1186 1280 Concordatum
1210 1208 1244 1278 vi
1261 1209 1368 1300 pacti,
1386 1206 1453 1280 sed
1471 1207 1527 1280 vel
1550 1209 1635 1302 quia
1659 1207 1849 1280 recedente

520 1344 593 1396 una
617 1332 721 1416 parte
744 1347 768 1394 0
790 1331 909 1416 pacto,
937 1323 1051 1395 altere
1073 1323 1188 1396 libera
1210 1331 1269 1396 est
1291 1343 1463 1395 revocare
1488 1323 1544 1397 vel
1569 1345 1666 1415 non,
1693 1323 1750 1396 rel
1767 1323 1851 1416 quia

519 1441 641 1512 soluta
665 1439 884 1530 obligatione
910 1461 1004 1533 qnae
1027 1439 1179 1512 habetur
1202 1441 1236 1511 vi
1261 1439 1379 1532 pacti,
1404 1446 1531 1512 manet
1564 1439 1734 1532 obligatio
1757 1459 1851 1536 quae

519 1555 673 1630 habetur
697 1579 744 1628 ex
760 1557 902 1646 objecto
926 1555 1154 1646 concordati,
1179 1554 1278 1649 quod
1293 1565 1351 1630 est
1366 1575 1513 1649 semper
1528 1558 1587 1628 lex
1603 1557 1851 1650 disciplinaris

518 1694 612 1768 quae
637 1681 707 1745 stat
730 1671 847 1746 donec
871 1673 978 1746 sitin
1002 1673 1139 1744 bonum
1162 1673 1379 1762 animarum,
1405 1681 1440 1744 et
1455 1674 1614 1766 pontifex
1637 1693 1683 1746 ex
1707 1675 1852 1768 sapien-

519 1791 569 1862 tie
591 1789 811 1882 legislatoris
844 1794 964 1884 potest
987 1790 1105 1880 legem
1136 1795 1278 1861 mutare
1301 1797 1442 1862 tentum
1474 1809 1580 1882 cum,
1607 1809 1678 1863 suo
1698 1790 1850 1882 judicio,

520 1916 646 1999 vergat
669 1909 705 1978 in
730 1907 985 1978 detrimentum
1016 1905 1230 1977 animarum.

610 2024 788 2096 Summus
806 2023 971 2096 Pontifex
988 2023 1079 2095 Pius
1091 2024 1161 2094 IX.
1180 2025 1215 2092 in
1228 2024 1456 2116 Allocutrone
1473 2025 1500 2096 Ι.
1518 2025 1737 2096 Novembris
1756 2029 1853 2098 1850.

521 2148 625 2214 vocat
641 2139 867 2216 concordata
885 2167 901 2206 u
920 2148 1026 2232 pacta
1042 2140 1134 2214 inter
1145 2141 1319 2211 Sanctam
1334 2139 1468 2214 Sedem
1484 2149 1519 2212 et
1535 2141 1678 2213 civilem
1694 2150 1853 2235 potesta·

520 2265 593 2329 tem
611 2305 640 2349 ,,.
659 2259 725 2345 (De
742 2255 894 2348 Angelis
918 2257 1006 2348 Peg.
1028 2257 1202 2342 loa-104).
1229 2256 1275 2326 ut
1291 2257 1470 2330 Summus
1485 2257 1650 2329 Pontifex
1666 2257 1742 2330 Leo
1758 2257 1854 2330 Xlll.

522 2374 558 2444 in
582 2373 776 2464 Encyclica
791 2371 837 2444 ad
860 2371 999 2461 Gallos,
1027 2373 1297 2444 uNobilissima
1319 2372 1542 2465 Gallorum„
1568 2377 1602 2444 8.
1628 2375 1732 2448 Febr.
1752 2379 1850 2448 1884.

521 2489 651 2562 habet:
680 2487 807 2560 “Cum
829 2489 939 2579 igitur
968 2489 1083 2580 pectis
1114 2489 1304 2560 conuentis
1335 2490 1429 2563 inter
1451 2489 1603 2562 Sacram
1634 2489 1854 2584 Civilemque

524 2609 774 2700 “potestatem
797 2605 942 2698 publice
963 2604 1099 2699 aliquid
1121 2605 1360 2679 constitutum
1383 2614 1452 2694 est,
1471 2613 1557 2678 tunc
1580 2605 1742 2699 profecto
1757 2607 1854 2702 quod

525 2723 715 2815 “justitiae
754 2721 916 2810 interest,
935 2721 1085 2797 interest
1108 2721 1204 2795 idam
1243 2723 1462 2816 reipublicae
1508 2722 1742 2797 0000010001
1782 2747 1855 2794 100·

525 2844 541 2884 ‘¹
565 2859 653 2914 nere
676 2839 855 2930 integram
874 2890 904 2931 „.

610 2957 753 3050 illiciunt
782 2955 972 3028 -Citatas
987 2955 1166 3028 formulas
1188 2954 1349 3029 adhiberi
1374 2965 1574 3030 consuetas
1598 2957 1633 3028 in
1649 2959 1858 3032 Ooncorde·

523 3073 580 3160 tis,
605 3073 702 3146 sumi
732 3073 863 3157 debere
887 3073 924 3143 in
947 3093 1063 3146 sensu
1097 3072 1316 3166 improprio,
1338 3073 1423 3166 quie
1458 3095 1605 3168 semper
1639 3077 1856 3170 supponitur

523 3213 636 3287 posse
647 3189 850 3263 Ecclesiam
881 3197 1077 3264 retractare
1107 3189 1335 3262 concordate
1366 3192 1398 3262 si
1414 3200 1564 3283 vergant
1594 3192 1630 3264 ln
1657 3193 1856 3286 perniciem

524 3311 740 3381 animarum.
1484 3335 1487 3340 ·

612 3423 845 3516 semmuro
873 3423 1150 3498 1111010010-
1165 3423 1289 3494 Verba
1322 3421 1415 3516 legis
1446 3445 1519 3497 non
1556 3443 1668 3518 posse
1698 3428 1795 3500 sumi
1820 3425 1857 3497 in

525 3541 561 3614 in
584 3561 701 3614 sensu
725 3542 896 3634 improric
920 3541 1068 3635 quando
1089 3549 1175 3614 sunt
1199 3543 1321 3628 olera3
1348 3541 1384 3612 in
1409 3561 1500 3616 casu
1526 3550 1651 3614 nostro
1675 3553 1762 3616 sunt
1785 3545 1857 3616 ola·

525 3661 686 3751 rissima,
706 3667 739 3730 01
755 3658 793 3729 S.
812 3657 929 3731 Sedes
946 3660 1096 3752 turpiter
1110 3657 1317 3751 decepisset
1340 3659 1571 3752 Imperantes
1587 3659 1619 3731 si
1636 3668 1686 3732 tot
1702 3661 1856 3750 vicione,

526 3775 809 3848 solemnissimis
834 3775 966 3866 verbis,
986 3776 1218 3866 promisisset
1242 3795 1283 3846 se
1301 3781 1530 3848 servaturam
1555 3777 1782 3850 concordata
1799 3799 1857 3850 so·

526 3893 635 3966 101001
658 3901 790 3986 00010,
815 3900 989 3986 reputent
1024 3893 1162 3966 nullam
1196 3909 1330 3964 noram
1364 3894 1459 3981 vim,
1486 3901 1521 3965 et
1544 3893 1749 3966 firmitatem
1773 3895 1855 3966 eddi

526 4011 734 4102 obligationi
758 4031 823 4102 per
838 4009 1005 4082 solemne
1027 4017 1186 4102 paetum.
1213 4005 1315 4090 Quod
1334 4017 1434 4082 esset
1457 4010 1678 4099 injuriosum
1702 4008 1739 4082 8.
1757 4010 1855 4101 Sodi,

526 4135 562 4198 et
583 4128 766 4218 nocivum,
797 4127 974 4219 quiajam
998 4127 1121 4199 nullus
1144 4127 1321 4219 Princeps
1354 4125 1582 4221 contraheret
1604 4136 1751 4213 pactum
1775 4149 1858 4201 cum

527 4244 565 4316 S.
592 4241 700 4331 Sede,
726 4243 878 4338 ideoque
902 4261 1124 4337 permanens
1147 4243 1251 4316 lieret
1272 4242 1429 4316 conditio
1453 4243 1672 4317 hostilitatis.

527 4403 543 4416 ·-
614 4360 847 4452 Respondemus
868 4360 1005 4436 11110010.
1024 4393 1068 4412 ··
1082 4359 1121 4431 Si
1146 4359 1312 4432 Ecclesia
1335 4381 1408 4433 non
1424 4368 1551 4454 posset
1575 4373 1660 4435 sese
1685 4363 1721 4431 in
1738 4363 1859 4455 aliquo

502 4513 503 4516 ¹
527 4475 687 4570 obligare
711 4499 777 4570 per
789 4485 949 4571 pactum,
974 4477 1060 4570 quia
1076 4487 1222 4568 semper
1245 4476 1463 4570 supponitur
1485 4477 1617 4550 debere
1642 4461 1790 4571 pactum
1806 4499 1861 4551 re·

525 4601 680 4666 tractare
703 4595 734 4666 si
752 4603 876 4686 uergat
899 4595 935 4664 in
952 4593 1147 4686 perniciem
1171 4593 1387 4682 animarum,
1410 4595 1488 4683 jam
1510 4603 1725 4688 sequeretur
1748 4596 1860 4667 nemi·

529 4731 615 4783 nem
638 4720 751 4804 posse
777 4731 842 4804 001
863 4717 1011 4804 pactum
1034 4707 1081 4782 ad
1103 4708 1239 4802 aliquid
1261 4729 1347 4782 sese
1369 4711 1542 4803 obligare,
1562 4713 1647 4804 quia
1663 4731 1729 4804 010
1742 4713 1859 4782 01001·

528 4827 598 4902 bns
622 4829 840 4922 supponitur
861 4826 993 4902 debere
1009 4834 1156 4921 pactum
1179 4835 1396 4902 rectractare
1418 4829 1451 4901 si
1469 4835 1595 4923 vergat
1609 4830 1646 4902 in
1663 4827 1860 4922 perniciem
