4054 6322
1263 772 1430 902 ‘aa

271 1093 346 1162 Art.
372 1089 410 1166 11.
431 1131 468 1144 -
486 1091 580 1182 lirion
602 1094 639 1164 ei
662 1091 901 1164 vicissitudines
923 1087 1008 1178 nent
1032 1087 1146 1160 l'leclii
1171 1105 1228 1158 seu
1252 1085 1450 1176 Exeuuntur.

281 1265 389 1333 Anno
414 1265 529 1350 1378,
556 1269 699 1334 mortuo
736 1260 912 1350 Gregorio
951 1259 1032 1348 XL,
1059 1265 1094 1329 et
1125 1256 1239 1328 electo
1273 1253 1423 1328 Urbano
1450 1254 1527 1340 Vl,

192 1387 315 1452 orium
339 1387 395 1450 esi
429 1399 604 1470 magnum
640 1377 804 1448 schisma
838 1373 1072 1464 occidentale,
1110 1382 1145 1444 et
1180 1371 1529 1445 circumferebantur

190 1496 315 1588 plures
339 1495 465 1567 Bullae
492 1494 604 1566 luisse
629 1493 685 1582 uei
708 1491 1096 1585 Pseudo-pontificum,
1134 1489 1217 1561 hinc
1251 1489 1423 1560 Urbanus
1452 1487 1527 1578 Vl,

190 1619 232 1682 ut
244 1610 350 1683 tradit
363 1611 571 1682 Boniiacius
588 1610 651 1680 ix.
669 1611 734 1680 “in
751 1609 855 1680 Bulla
872 1607 1011 1680 intenta
1026 1607 1170 1696 salutis,
1191 1659 1206 1698 „
1227 1607 1441 1678 “concessit
1452 1607 1530 1698 qui-

194 1728 388 1800 “busdam
410 1728 594 1820 praelatis,
612 1725 729 1820 ·quod
763 1727 798 1795 in
833 1745 961 1797 eorum
995 1724 1202 1796 civitatibus
1229 1731 1263 1797 et
1294 1703 1530 1797 dioecesibus

193 1848 306 1916 “uon
331 1853 458 1936 posset
480 1843 556 1918 fieri
581 1839 746 1916 executio
769 1843 972 1934 aliquarum
997 1841 1213 1914 litterarum
1229 1841 1526 1934 apostolicarum,

194 1961 299 2033 “nisi
326 1961 428 2052 prius
452 1959 660 2033 huiusmodi
686 1959 823 2031 litterae
846 1958 938 2048 ipsis
962 1958 1145 2050 praelatis,
1174 1960 1228 2030 vel
1246 1978 1375 2031 eorum
1397 1957 1529 2029 officia·

193 2081 209 2118 “
229 2078 337 2166 libus,
365 2086 399 2148 at
423 2097 488 2168 per
512 2078 613 2168 ipsos
637 2083 765 2147 essent
798 2076 1018 2168 approbatae
1036 2123 1065 2166 ,.
1091 2073 1185 2145 Hinc
1209 2095 1290 2146 mos
1322 2074 1528 2166 apponendi

191 2195 327 2284 Placet,
355 2194 411 2266 uei
439 2191 620 2282 Vidimus,
646 2193 705 2287 qui
732 2200 910 2266 extensus
947 2200 1002 2262 est
1038 2191 1074 2260 in
1100 2191 1387 2261 imminutionem
1412 2193 1530 2262 Ponti-

192 2309 297 2381 ficiae
320 2307 545 2381 auctoritatis
569 2310 614 2380 ab
640 2307 834 2401 Episcopis
861 2309 914 2378 vel
938 2329 1067 2379 eorum
1090 2305 1326 2396 Officialibus,
1354 2305 1436 2376 hinc
1463 2309 1529 2378 Bo

192 2425 350 2496 nilacius
374 2426 436 2496 lX.
464 2423 601 2498 Urbani
629 2425 689 2494 Vl.
715 2445 914 2496 successor
937 2423 984 2494 ad
1016 2423 1112 2495 hunc
1143 2425 1302 2494 abusum
1330 2421 1529 2497 tollendum

193 2541 305 2614 edidit
319 2543 463 2614 citatam
486 2543 782 2614 constitutionem
798 2544 1008 2615 ann01403.
1027 2539 1100 2613 Sed
1116 2561 1201 2612 curn
1219 2539 1383 2611 schisma
1399 2540 1531 2631 perdu-

192 2667 302 2746 raret,
316 2659 423 2730 etiarn
451 2658 594 2729 abusus
610 2658 871 2749 perseveravit,
887 2655 969 2730 hinc
980 2657 1179 2728 schismate
1192 2655 1405 2744 sublato,ed
1419 2657 1530 2728 istum

191 2775 352 2846 abusum
369 2773 636 2866 extirpandum,
656 2775 835 2845 Martinus
851 2775 894 2844 V.
911 2773 1019 2845 edidit
1034 2773 1173 2846 Buliam
1188 2775 1204 2813 “
1219 2773 1322 2853 Quod
1333 2773 1527 2864 antidota,.

192 2891 305 2981 Igitur
328 2891 451 2963 Placet
475 2891 651 2982 originem
676 2891 800 2962 habuit
834 2913 881 2964 ex
916 2889 1158 2962 concessione
1182 2889 1277 2962 ianm
1294 2891 1529 2984 Episcopisa

192 3006 367 3077 Pontiiioe
390 3007 436 3076 ad
463 3007 627 3078 vitandas
649 3007 764 3078 falsas
798 3008 936 3095 BullaS,
973 3027 1067 3100 quae
1102 3013 1297 3104 correesslo
1328 3006 1526 3080 schismate

193 3127 352 3194 extincto
375 3124 440 3194 luit
464 3131 668 3214 retractata,
694 3134 727 3196 et
752 3126 800 3195 ita
824 3126 1027 3217 extirpatus
1050 3123 1194 3196 abusus
1217 3123 1277 3216 qui
1298 3125 1384 3212 jam·
1401 3147 1529 3218 caepe·

192 3247 250 3310 rat
274 3241 309 3310 in
334 3241 529 3333 Episcopis
552 3243 587 3313 in
612 3243 899 3314 imminutionem
925 3241 1130 3333 pontificiae
1154 3242 1392 3313 auctoritatis.

284 3357 444 3429 Durante
469 3356 667 3431 schismate
703 3360 892 3451 Principes
927 3379 991 3450 per
1025 3359 1171 3430 diuersa
1206 3360 1334 3449 Regna
1357 3359 1530 3432 adhaere·

197 3475 283 3544 bant
306 3474 369 3544 uni
395 3475 450 3546 vel
474 3476 575 3546 alteri
600 3475 777 3565 Pontifici,
804 3475 1057 3569 utaliquando
1092 3476 1306 3548 muniebant
1341 3479 1528 3548 sanctione

194 3589 290 3660 civili
315 3591 440 3662 Bullas
464 3591 679 3663 Pontificum
703 3593 838 3684 quibus
862 3592 1109 3664 adhaerebant
1130 3594 1286 3665 caeteris
1303 3593 1480 3666 exclusis.

283 3707 414 3778 Ci'erus
437 3706 574 3779 Galliae
598 3707 821 3780 adhaerebat
845 3709 1082 3780 Pontificibus
1105 3709 1437 3799 avenionensibus,
1463 3711 1529 3783 sed

193 3845 291 3894 anno
315 3827 416 3897 1399.
443 3845 528 3895 sese
552 3823 726 3896 subduxit
750 3827 795 3895 ab
820 3825 1023 3898 obedientia
1054 3827 1243 3919 utriusque
1266 3823 1454 3898 Pontificis
1492 3827 1528 3898 in

196 3939 278 4010 suis
301 3936 541 4012 conventibus
564 3941 661 4034 apud
685 3943 865 4012 Lutetiam
889 3943 1140 4031 Parisiorum,
1166 3965 1210 4014 eo
1249 3941 1345 4034 quod
1386 3942 1531 4014 Pontifi-

196 4075 262 4127 ces
285 4057 565 4129 Avenionanses
587 4057 713 4130 multis
748 4057 953 4149 indigentes
988 4060 1092 4130 facile
1128 4058 1370 4130 concederent
1393 4059 1531 4131 litteras

194 4173 456 4266 expectativas,
483 4182 522 4243 at
540 4173 766 4266 imponerent
802 4197 916 4266 super
952 4175 1125 4250 beneficia
1161 4176 1359 4266 pensiones
1395 4183 1431 4246 et
1461 4177 1533 4247 alia

195 4311 319 4362 onera.
348 4292 392 4359 Et
412 4291 492 4359 Rex
516 4291 641 4362 statuit
667 4291 765 4362 nulio
789 4292 981 4383 Rescripto
1007 4292 1131 4382 Papali
1168 4291 1419 4363 executionem
1443 4291 1532 4363 dant

194 4407 280 4478 dam
304 4427 390 4478 esse
414 4406 511 4500 quod
545 4406 804 4479 adversaretur
834 4409 983 4496 juribus
1019 4417 1053 4478 et
1080 4408 1308 4479 libertatibus
1344 4408 1531 4482 Ecclesiae

196 4521 417 4595 Gallicanae.

284 4637 324 4711 ln
348 4639 481 4730 Anglia
505 4649 679 4732 regnante
704 4641 913 4714 Reccaredo
940 4641 979 4712 ll.
1009 4643 1211 4714 tesi-1399.
1244 4663 1328 4714 cum
1360 4642 1532 4734 Episcopi

194 4762 433 4850 quererentur
456 4754 500 4826 de
526 4756 780 4828 collationibus
806 4757 1066 4830 beneficiorum
1091 4757 1277 4830 Ecclesiae
1307 4757 1532 4850 Angiicanae

196 4872 402 4966 frequenter
426 4872 530 4944 luctis
555 4895 576 4944 a
602 4873 711 4966 Papa,
738 4883 956 4946 conventum
981 4884 1038 4944 est
1060 4883 1202 4948 tantum
1218 4875 1341 4946 lavore
1358 4873 1531 4954 Cardine·
