4054 6322
603 763 648 841 dl

502 941 602 1021 Quae
626 961 715 1016 cura
737 943 953 1016 Pontificum
977 951 1054 1016 erat
1077 945 1251 1034 benefica,
1278 943 1362 1016 hinc
1386 943 1538 1017 libenter
1552 941 1833 1036 suscipiebatur,

502 1064 537 1129 et
561 1058 592 1128 si
617 1059 676 1152 qui
700 1062 925 1152 renuissent,
948 1063 1032 1150 jure
1057 1063 1262 1154 potuissent
1285 1085 1308 1132 a
1333 1061 1505 1133 Pontifice
1545 1061 1707 1136 coerceri
1745 1069 1837 1130 tam·

501 1193 612 1264 quam
635 1174 764 1248 hostes
787 1177 918 1269 publici
945 1179 1028 1250 boni
1053 1175 1335 1250 Christianitatis
1360 1178 1513 1271 ideoque
1537 1177 1742 1268 Religionis
1766 1177 1836 1246 sal·

501 1307 574 1368 tem
599 1292 781 1365 indirecte.

592 1409 788 1484 Deficiente
805 1419 934 1483 autem
958 1411 1167 1504 Principum
1191 1421 1225 1482 et
1256 1413 1476 1504 populorum
1516 1412 1761 1498 veneratione,
1789 1419 1836 1482 ct

504 1529 718 1620 praesertim
742 1527 962 1600 succedente
985 1527 1185 1600 defectione
1213 1529 1372 1621 plurium
1411 1529 1576 1620 gentium
1614 1531 1660 1599 ab
1699 1528 1834 1598 unitate

501 1642 690 1734 catholica,
716 1643 923 1733 subjectum
955 1643 1209 1718 ethnarchicae
1233 1647 1425 1739 potcstatis
1459 1667 1533 1717 non
1572 1645 1732 1738 amplius
1771 1644 1835 1715 fuit

501 1761 680 1850 Pontifex,
708 1761 773 1832 sed
797 1761 877 1853 ipse
900 1781 1107 1833 consessus
1131 1761 1341 1853 Principum
1365 1764 1659 1855 praecipuorum.
1686 1761 1762 1832 imo
1786 1760 1835 1831 fa·

504 1885 601 1948 ctum
627 1885 683 1948 est
706 1885 746 1951 ut
769 1878 932 1949 Pontifex
956 1899 1074 1970 neque
1099 1878 1233 1950 utiliter
1245 1877 1442 1969 procedere
1454 1877 1613 1970 amplius
1638 1887 1767 1971 posset
1790 1899 1835 1948 ex

502 2015 603 2064 mero
626 1995 706 2082 jure
730 1991 851 2065 divino
876 1996 910 2064 in
936 1995 1103 2086 pluribus
1142 2017 1186 2064 ox
1226 1996 1271 2064 iis
1309 2016 1404 2087 quae
1440 1995 1610 2066 indirecte
1634 1994 1835 2066 tantumad

238 2169 244 2180 .
382 2183 386 2192 ,
505 2109 732 2199 Religionem
761 2109 976 2182 referuntur.

612 2281 656 2350 lle
679 2279 848 2354 amicare
872 2281 1110 2354 internattomlt
1134 2299 1215 2370 cuce
1238 2283 1354 2354 existit
1376 2282 1501 2354 nostrie
1523 2282 1719 2370 tenporibus

591 2450 778 2522 Existente
817 2473 915 2523 nunc
954 2450 1134 2524 Societate
1174 2449 1441 2522 internetionaii
1483 2449 1651 2523 inchoata
1704 2452 1833 2522 saltem

498 2566 662 2658 gentium
700 2564 1002 2654 Christianarum,
1044 2569 1244 2640 auctoritas
1271 2568 1515 2640 intersocialis
1565 2577 1662 2640 certe
1702 2567 1834 2638 melius

499 2691 720 2774 competeret
745 2681 909 2754 Summo·
922 2684 1085 2756 Pontifici
1111 2707 1155 2756 ex
1180 2707 1251 2755 sua
1286 2685 1463 2777 spirituali
1503 2692 1694 2778 potestate,
1736 2684 1834 2754 insti-

498 2798 610 2870 tuitur
634 2799 731 2871 enim
754 2802 949 2892 praecipue
972 2801 1019 2870 ad
1043 2801 1288 2892 concordiam,
1315 2811 1349 2872 et
1388 2824 1516 2894 pacem
1555 2800 1759 2888 fovendam,
1798 2809 1832 2870 ct

500 2917 535 2988 in
573 2916 861 2988 determinandis
885 2917 1058 2989 limitibus
1082 2904 1260 3006 territorii,
1300 2920 1354 2992 vel
1379 2917 1592 3010 potestatis,
1619 2918 1674 2989 vel
1693 2918 1833 3006 jurium

499 3035 593 3107 inter
614 3035 802 3128 Principes
827 3035 906 3106 sine
932 3035 1057 3124 armis,
1085 3037 1118 3106 in
1144 3058 1216 3128 quo
1229 3035 1409 3124 jndicium
1426 3035 1612 3108 Pontificis
1626 3035 1729 3106 valde
1746 3057 1830 3105 con·

499 3150 618 3240 ferret,
645 3173 730 3223 oum
754 3173 865 3244 saepe
891 3152 960 3223 ista
983 3153 1129 3243 negotia
1153 3153 1355 3225 referantur
1378 3153 1425 3224 ad
1456 3153 1717 3224 conscientiam
1734 3153 1834 3223 Prin-

498 3270 632 3361 cipum.
660 3269 737 3340 Etsi
762 3275 883 3339 tamen
907 3292 952 3340 ex
975 3269 1069 3340 facto
1094 3267 1266 3358 humano,
1300 3272 1335 3339 in
1370 3269 1615 3342 foederatione
1641 3271 1834 3360 Europaeo

499 3385 741 3457 intersocialis
766 3394 931 3478 potestas
955 3387 1002 3458 sit
1026 3387 1061 3456 in
1086 3407 1276 3457 consensu
1316 3388 1523 3478 Principum
1564 3387 1832 3458 foederatorum

498 3501 787 3574 Christianarum
812 3505 1023 3592 Nationum,
1049 3510 1169 3574 tamen
1211 3525 1359 3596 semper
1397 3511 1520 3574 manet
1558 3503 1758 3574 auctoritas
1798 3505 1834 3571 in

498 3621 670 3692 Pontifice
695 3627 737 3692 ut
760 3619 876 3713 Caput
900 3619 1180 3692 Christianitatis
1199 3621 1401 3712 judicandi,
1427 3629 1461 3692 et
1486 3621 1631 3714 publica
1658 3619 1834 3692 scandala

497 3740 574 3810 sive
598 3739 815 3831 populorum
839 3739 917 3808 sive
941 3739 1150 3830 Principum
1174 3739 1404 3830 corripiendi,
1432 3747 1466 3810 et
1490 3739 1536 3808 ad
1561 3759 1605 3809 ea
1617 3737 1834 3830 extirpanda

498 3855 687 3929 invocandi
715 3857 786 3926 vim
811 3857 1008 3926 Nationum
1032 3853 1335 3946 Christianarum,
1363 3857 1393 3926 si
1420 3855 1593 3948 possibile
1628 3857 1687 3942 sit,
1728 3864 1763 3926 et
1800 3853 1830 3924 si

499 3971 649 4044 fideliter
673 3972 850 4045 obediant.

498 4149 576 4218 Art.
605 4145 680 4216 Vll.
708 4185 750 4198 —
774 4145 817 4218 tte
841 4149 1014 4220 Potestate
1038 4149 1196 4221 indirecta
1213 4187 1251 4200 -
1268 4147 1432 4221 Statuitur
1447 4151 1633 4237 conceptum
1650 4147 1835 4221 Poteetotls

832 4265 1010 4336 indirectas
1034 4265 1201 4338 Ecclesiae
1226 4267 1255 4337 ln
1279 4267 1482 4354 temporatia.
1562 4285 1564 4291 '

586 4435 687 4507 Finis
712 4437 901 4508 Ecclesiae
925 4445 984 4508 est
1009 4438 1145 4508 bonum
1182 4437 1382 4529 spirituale,
1424 4436 1490 4510 sed
1524 4460 1568 4508 cx
1603 4439 1832 4509 connexione

499 4553 700 4646 spiritualis
722 4575 808 4624 cum
833 4555 1035 4646 temporali,
1063 4555 1229 4628 Ecclesia
1253 4555 1426 4629 indirecte
1452 4555 1587 4646 indiget
1610 4557 1716 4627 ctiam
1746 4565 1836 4625 tem-

501 4670 626 4762 porali.
654 4670 751 4742 Cura
773 4678 893 4743 tamen
919 4671 1002 4742 boni
1028 4673 1240 4764 temporalis
1263 4675 1415 4764 pertinet
1439 4671 1486 4742 ad
1520 4672 1739 4744 Societatem
1778 4671 1833 4744 Ci-

496 4786 615 4874 vilem,
641 4787 830 4861 deficiente
854 4797 976 4861 tamen
1000 4789 1102 4859 Civili
1129 4791 1322 4878 Potestate,
1350 4789 1517 4861 Ecclesia
1534 4789 1679 4882 supplet
1693 4811 1760 4883 per
1775 4809 1829 4878 se,
