4054 6322
511 1045 603 1112 cem,
631 1045 702 1096 non
727 1023 835 1096 habet
857 1031 976 1098 tamen
1003 1025 1216 1116 regulariter
1234 1023 1300 1114 jus
1324 1021 1575 1117 suspendendi
1594 1022 1845 1096 executionem

512 1148 660 1213 actuum
684 1142 777 1212 eius.

601 1256 639 1326 In
663 1257 787 1348 Belgio
811 1279 896 1328 cum
920 1260 1045 1352 plures
1070 1267 1196 1331 essent
1231 1259 1461 1330 Jansenistae
1498 1259 1755 1330 resuscitatum
1779 1256 1844 1327 luit

513 1373 668 1462 Regium
692 1373 813 1444 Placet
834 1395 931 1445 anno
958 1377 1056 1446 1667.
1082 1375 1179 1467 quod
1202 1375 1386 1446 damnavit
1410 1375 1642 1447 Innocentius
1666 1375 1733 1448 Xl.
1752 1375 1845 1444 Con·

513 1488 698 1562 stitutione
727 1491 870 1562 “Decet
893 1492 1085 1566 Romanus
1110 1491 1275 1563 Pontifex
1295 1519 1311 1559 a
1336 1514 1395 1562 an.
1424 1491 1523 1562 1689.
1797 1583 1803 1592 Ι

600 1603 756 1677 Saeculo
781 1627 886 1680 xvm.
915 1607 1047 1680 bellum
1082 1607 1206 1682 acrius
1240 1608 1454 1681 factumest
1484 1615 1610 1678 contra
1640 1600 1843 1680 Ecclesiam

515 1719 726 1814 ideoque'at
748 1723 853 1814 Regii
877 1724 1001 1796 Placiti
1026 1726 1179 1796 abusus.
1334 1745 1346 1797 1
1394 1811 1398 1819 Ι

601 1837 639 1908 ln
663 1839 839 1932 Hispania
864 1842 1077 1932 praesertim
1101 1843 1171 1913 sub
1195 1841 1359 1935 Philippo
1385 1843 1430 1912 V.
1456 1842 1517 1935 qui
1542 1842 1649 1930 ejecit
1666 1841 1842 1914 Nuntium

511 1954 752 2045 Pontificium,
779 1963 813 2027 et
837 1955 1018 2049 prohibuit
1052 1957 1209 2030 subditis
1242 1949 1438 2052 quamlibet
1473 1957 1841 2030 communicationem

511 2093 595 2141 curn
609 2073 777 2143 Romana
789 2073 896 2144 Sede.
911 2073 983 2146 Sed
997 2083 1077 2166 post
1093 2075 1394 2146 Constitutionam
1411 2074 1605 2148 Clementis
1621 2071 1686 2146 XJ.
1710 2073 1842 2142 “Alias
1974 2063 1978 2070 ’

510 2187 556 2259 ad
580 2189 846 2278 Apostolatus„
875 2192 973 2262 1711.
991 2193 1070 2261 Rex
1088 2191 1277 2283 Philippus
1300 2191 1376 2261 iniit
1400 2189 1667 2262 Concordatum
1692 2208 1776 2260 cum
1800 2187 1839 2258 S.

510 2305 617 2390 Sede,
643 2305 740 2399 quod
763 2314 880 2378 minen
905 2307 951 2376 ab
975 2308 1056 2378 eius
1080 2327 1300 2380 successore
1324 2307 1454 2378 Carolo
1479 2305 1534 2378 lll.
1562 2325 1692 2396 parum
1717 2305 1840 2374 obser·

511 2429 633 2493 vatum
657 2421 734 2494 luit.
1688 2488 1691 2494 .

596 2539 641 2609 In
665 2537 787 2610 Sicilia
809 2561 905 2610 anno
924 2541 1021 2611 1714.
1038 2541 1246 2615 intimantur
1262 2539 1618 2612 contravenientibus
1629 2537 1745 2628 Regio
1762 2536 1840 2606 Pla-

508 2655 577 2724 cito
601 2653 758 2749 quinque
782 2656 867 2726 anni
891 2658 1062 2747 carceris,
1090 2657 1241 2748 privatio
1268 2658 1367 2727 vocis
1383 2656 1521 2728 activae
1547 2663 1581 2726 et
1597 2653 1780 2748 passivae,
1806 2661 1841 2722 et

508 2771 600 2842 aliae
618 2793 756 2864 poenae
773 2781 981 2844 reservatae
997 2773 1143 2844 arbitrio
1155 2772 1292 2862 J'udicis
1309 2771 1553 2844 Monarchiae.
1576 2772 1746 2843 Clemens
1768 2770 1837 2841 XI.

508 2887 704 2979 publicavit
719 2885 829 2960 huius
842 2887 956 2960 Edicti
968 2889 1237 2962 damnationem
1254 2887 1357 2960 Bulla
1377 2889 1513 2958 aNova
1535 2909 1682 2980 semper
1701 2916 1717 2953 a
1744 2909 1840 2959 anno

510 3007 623 3094 1714„
641 3012 726 3076 tunc
740 3005 951 3077 Monarchia
974 3007 1168 3098 publicavit
1182 3005 1281 3077 aliud
1296 3008 1462 3076 Edictum
1477 3027 1535 3076 an.
1554 3007 1650 3076 1714.
1670 3026 1742 3096 quo
1756 3023 1840 3076 con-

506 3122 751 3194 travenientes
775 3125 961 3216 privantur
984 3125 1090 3195 bonis
1115 3123 1206 3194 etin
1234 3123 1381 3194 exilium
1415 3132 1574 3214 aguntur
1598 3121 1629 3192 si
1655 3120 1837 3192 Ecclesia·

508 3237 600 3328 stiei,
636 3239 668 3310 si
702 3240 782 3312 laici
816 3233 1005 3313 incurrunt
1041 3240 1325 3330 indignationem
1357 3241 1470 3331 Regis
1508 3247 1543 3310 et
1575 3259 1714 3331 poenas
1747 3237 1839 3308 arbi-

506 3356 651 3426 trariae.
963 3444 967 3452 .

596 3477 641 3545 In
663 3474 847 3547 Sabaudia
879 3497 939 3545 an.
967 3477 1064 3547 1719.
1092 3473 1261 3547 Clemens
1285 3475 1354 3546 XI.
1385 3474 1531 3545 damnat
1566 3474 1721 3562 Regium
1747 3472 1838 3564 Exe-

507 3601 638 3690 quatur
661 3592 924 3664 Constitutione
951 3619 966 3658 ιι
985 3591 1042 3662 Ad
1058 3591 1295 3684 Apostolatus
1311 3591 1426 3662 nostri
1446 3621 1476 3658 a.
1495 3589 1711 3663 Benedictus
1728 3589 1835 3660 XIV.

507 3711 695 3782 concessit
718 3711 808 3802 Regi
833 3709 1022 3782 Sardiniae
1058 3711 1212 3802 simplex
1247 3709 1372 3781 visura
1397 3707 1431 3779 in
1456 3709 1638 3798 aliquibus
1672 3708 1835 3795 casibus,

507 3835 645 3898 tantum
669 3835 708 3898 ut
732 3828 840 3898 sciret
864 3849 910 3898 an
934 3828 1136 3900 reclamare
1165 3825 1309 3898 deberet
1345 3825 1530 3918 privilegia
1553 3826 1585 3896 ei
1611 3843 1790 3896 concessa
1815 3847 1838 3892 a

508 3944 693 4033 Familiae,
719 3945 806 4038 quin
829 3943 974 4036 aliquod
999 3945 1147 4034 signum
1183 3944 1237 4015 vel
1269 3945 1430 4033 sigillum
1456 3943 1612 4034 Regium
1637 3941 1670 4012 in
1696 3942 1751 4011 eis
1776 3961 1836 4031 po-

506 4069 664 4134 neretur.
1689 4124 1691 4130 s

596 4177 667 4250 Sed
691 4177 785 4248 idem
812 4178 1027 4249 Benedictus
1053 4177 1159 4248 XIV.
1187 4170 1246 4247 an.
1275 4182 1372 4250 1742.
1412 4178 1586 4248 Placitum
1622 4175 1838 4265 generaliter

506 4293 652 4366 damnat
676 4293 938 4366 Constitutione
962 4295 1165 4368 Pastoralis
1188 4295 1403 4386 Regiminis.

596 4413 638 4480 In
661 4411 839 4504 Hispania
861 4434 920 4483 an.
948 4416 1047 4483 1763.
1074 4412 1242 4485 Clemens
1266 4413 1376 4482 XIII.
1402 4411 1550 4482 damnat
1572 4411 1747 4480 Carolum
1765 4409 1834 4478 111.

507 4528 629 4601 Placiti
654 4529 813 4600 abusum
837 4537 1090 4600 renovantem.
1111 4615 1115 4622 Ι

594 4645 638 4715 In
662 4644 778 4716 Gallia
801 4645 898 4718 idem
923 4645 1087 4717 Pontifex
1104 4667 1162 4718 an.
1183 4645 1281 4720 1766.
1300 4646 1484 4718 damnavit
1508 4646 1733 4717 Ludovicum
1748 4643 1834 4715 XV.

505 4743 786 4852 praescritiones
809 4762 931 4833 Placiti
954 4762 1059 4853 Regii
1084 4753 1332 4835 renovantem.

593 4876 696 4951 Idem
719 4878 882 4950 Pontifex
904 4878 1087 4952 damnavit
1111 4881 1249 4951 Ducem
1272 4882 1510 4952 Parmensem
1534 4901 1593 4952 an.
1621 4881 1722 4954 1768.
