4054 6322
1404 943 1449 1017 te

308 1187 310 1191 ·
375 1172 452 1240 Art.
480 1167 573 1240 Vill.
602 1211 642 1222 -
667 1171 709 1242 be
733 1173 851 1262 intorta
886 1173 1050 1244 sententia
1074 1173 1188 1246 sumni
1213 1173 1379 1248 Pontltlcte

300 1339 343 1409 Iu
367 1337 477 1410 dubio
496 1339 660 1426 justitiae
684 1340 856 1412 standum
880 1349 937 1412 est
961 1363 1027 1433 pro
1051 1341 1134 1430 ejus
1158 1344 1350 1443 sententia.

300 1453 392 1534 Quid
416 1456 450 1523 in
475 1473 565 1525 casu
589 1455 766 1526 evidentis
789 1457 932 1526 abusus
955 1459 1124 1550 Supremi
1139 1446 1323 1530 Po'ntillcis
1338 1461 1372 1528 in
1387 1461 1431 1530 iis
1446 1481 1542 1568 quae

210 1579 350 1643 mutare
376 1571 509 1663 nequit,
535 1570 687 1665 ideoque
711 1593 796 1643 curn
820 1573 903 1660 ejus
927 1573 1105 1646 sententia
1129 1574 1175 1644 sit
1198 1573 1332 1646 directe
1359 1576 1412 1646 vel
1452 1575 1542 1645 indi·

209 1697 307 1760 recte
332 1697 457 1758 contra
476 1687 542 1774 jus
565 1682 764 1778 divinumi,
790 1690 923 1760 etenim
949 1691 983 1759 in
1018 1689 1123 1762 laetis
1158 1689 1440 1784 particularibus
1479 1712 1541 1784 po·

209 1814 282 1876 test
304 1809 337 1874 et
362 1803 440 1895 ipse
465 1825 599 1876 errare.
624 1859 627 1868 .

298 1923 390 2013 timp.
418 1922 577 1993 -Tunc
601 1941 728 2014 perse
752 1923 835 2014 quis
859 1943 931 1993 non
955 1931 1097 1995 tenetur
1122 1924 1281 2014 obedire,
1320 1925 1386 1995 sed
1427 1929 1542 1998 teneri

208 2041 338 2132 poterit
362 2061 426 2131 per
449 2039 619 2110 accidens
643 2039 688 2109 ad
715 2038 861 2109 vitanda
886 2039 1071 2111 scandala.

297 2153 385 2236 Quid
410 2155 440 2225 si
466 2156 645 2226 Summus
668 2154 831 2227 Pontifex
857 2157 1052 2248 praecipiet
1075 2157 1232 2229 illicita?

297 2271 390 2360 lletp.
419 2313 458 2324 —-
472 2273 577 2343 Tunc
602 2271 734 2342 obtinet
756 2270 852 2366 quod
877 2272 926 2342 eit
943 2273 1184 2344 Bellarmlnus
1201 2275 1252 2344 De
1270 2275 1436 2345 Romano
1449 2276 1541 2346 Pon·

209 2387 305 2458 tilios
328 2387 390 2459 lib.
417 2389 449 2456 2.
476 2409 555 2478 cap.
581 2387 637 2458 29.
668 2390 683 2426 “
710 2388 809 2458 Licet
832 2379 1005 2459 resistere
1042 2390 1204 2461 Pontifici
1245 2389 1423 2460 invadenti
1464 2393 1540 2462 ani·

210 2507 226 2542 ‘¹
254 2523 335 2574 mas
361 2506 415 2574 vel
453 2503 610 2574 turbanti
647 2503 922 2595 rempublicam,
950 2513 984 2575 et
1007 2505 1122 2576 multo
1148 2507 1268 2597 magis
1284 2505 1314 2576 si
1334 2505 1538 2578 Ecclesium

210 2623 225 2659 “
252 2617 442 2690 destruere
467 2620 660 2706 videretur,
687 2621 769 2692 licet
781 2621 930 2708 inquam
943 2623 972 2692 ei
988 2623 1160 2694 resistere
1176 2643 1246 2694 non
1259 2621 1424 2696 iaciendo
1440 2625 1537 2718 quod

208 2739 224 2775 “
246 2737 361 2825 jubet,
389 2745 423 2808 et
447 2735 674 2829 impediendo
700 2757 744 2808 ne
768 2739 1213 2831 exequatur'voluntatem
1237 2759 1357 2811 suam.
1377 2741 1462 2814 dicu
1486 2749 1537 2812 ta·

208 2857 224 2894 “
252 2875 333 2924 men
358 2853 439 2924 licet
463 2875 547 2926 eurn
566 2853 746 2943 judicare,
773 2853 830 2924 vel
854 2855 996 2946 punire,
1023 2857 1079 2927 vel
1105 2856 1301 2948 deponere,
1337 2855 1434 2949 quod
1461 2879 1531 2930 non

207 2973 223 3010 ‘¹
250 2981 306 3044 est
327 2971 399 3042 nisi
424 2971 644 3063 Superioris.
673 3025 689 3063 „

279 3087 407 3167 ,Datur
445 3107 622 3159 recursus
661 3087 707 3158 ad
744 3089 888 3160 civilem
924 3097 1141 3182 potestatem
1166 3103 1293 3162 contra
1332 3091 1534 3164 evidentem

203 3203 415 3292 injustitiam
434 3203 572 3292 judicis
595 3205 845 3292 ecclesiastici,
872 3207 1022 3278 secluso
1045 3207 1233 3296 scandalo,
1260 3211 1292 3278 si
1317 3223 1388 3280 non
1414 3217 1533 3301 pateat

203 3339 379 3402 recursus
403 3320 449 3391 sd
474 3323 591 3412 ipsam
609 3321 822 3394 Ecclesiam.

292 3439 343 3510 Ita
362 3435 404 3508 S.
431 3437 587 3508 loannes
611 3435 902 3528 chrysostomus
925 3461 1011 3513 cum
1034 3439 1230 3513 damnatus
1257 3449 1357 3513 esset
1381 3463 1425 3514 ex
1461 3465 1537 3514 ma·

202 3553 333 3626 nifasta
356 3555 530 3642 injustitia
553 3575 575 3624 a
602 3553 765 3626 Theotilo
805 3557 1014 3629 Patriarcha
1054 3557 1301 3630 Alexandrino
1339 3559 1530 3652 appellavit

200 3668 248 3741 sd
273 3671 602 3762 imperatoremm
627 3693 649 3742 a
672 3693 743 3742 sue
758 3671 854 3744 Sede
879 3673 1087 3766 pelleretur.

290 3788 340 3857 lta
364 3787 500 3859 recurri
526 3795 644 3880 potest
667 3787 712 3858 ad
735 3787 890 3860 Civilem
915 3787 1141 3861 potestatem
1178 3792 1209 3860 si
1245 3792 1327 3884 quis
1357 3791 1536 3883 legittime

198 3904 354 3995 appellet
376 3903 423 3973 ad
446 3905 619 3994 superius
643 3905 800 3976 tribunal
835 3907 1125 3978 ecclesiasticum
1166 3929 1222 3979 ex.
1264 3929 1300 3997 g.
1338 3907 1389 3980 ad
1428 3907 1536 3982 Sum·

200 4041 300 4091 mum
323 4021 549 4113 Pontificem,
576 4029 610 4090 et
629 4020 743 4108 judex
767 4021 915 4094 interior
937 4045 995 4094 ex.
1023 4047 1062 4115 g.
1103 4025 1312 4117 Episcopus
1349 4027 1435 4097 nolit
1471 4045 1535 4098 su·

201 4136 380 4228 spendore
405 4138 634 4226 sententiam,
661 4137 717 4208 vel
741 4139 830 4209 nolit
854 4141 1073 4231 permittere,
1100 4149 1134 4212 et
1158 4142 1391 4214 materialiter
1421 4142 1531 4236 impe·

199 4253 272 4323 diat
295 4273 486 4325 recursum
511 4252 556 4323 ad
582 4254 753 4324 Sanctam
777 4247 909 4326 senen
933 4277 989 4328 ex.
1016 4279 1051 4345 g.
1093 4257 1123 4328 si
1150 4257 1184 4328 in
1224 4277 1371 4330 carcere
1407 4266 1529 4331 teneet

198 4369 455 4460 appellantem.
1046 4368 1053 4383 “

352 4545 430 4612 Art.
459 4542 529 4612 IX.
558 4583 598 4593 -
631 4543 674 4614 tte
698 4545 870 4616 sententiis
892 4561 936 4616 ex
959 4544 1135 4618 internata
1163 4549 1374 4620 montanus.

244 4713 246 4718 '
286 4711 439 4784 illtlorla.
467 4749 511 4762 -
534 4713 627 4781 Ante
650 4713 854 4783 Oonoilium
877 4713 1103 4786 Tridentium
1128 4721 1309 4786 statutum
1347 4724 1426 4787 erat
1462 4719 1534 4788 cle-

198 4827 294 4896 ricos
317 4833 481 4916 petentes
506 4829 710 4919 promoveri
735 4826 781 4898 ad
804 4829 952 4900 altiores
977 4820 1125 4902 ordines
1150 4851 1221 4903 non
1256 4851 1367 4922 posse
1407 4833 1531 4924 repelli

195 4941 262 5012 nisi
290 4963 334 5012 ex
357 4963 472 5013 causa
495 4943 670 5014 canonica
694 4944 967 5018 demonstrabili
995 4947 1030 5016 in
1053 4947 1133 5017 lore
1173 4955 1337 5035 externo,
1366 4949 1528 5042 exceptis
