4054 6322
211 1121 439 1211 animarum,
466 1121 538 1194 imo
569 1129 713 1215 pactum
737 1123 773 1192 in
797 1121 866 1194 hoo
896 1142 987 1196 casu
1019 1143 1083 1215 per
1121 1141 1162 1194 se
1203 1127 1260 1194 est
1291 1122 1458 1210 nullum,
1490 1121 1544 1193 uti

210 1249 356 1321 semper
380 1231 519 1302 nullum
543 1238 599 1301 est
621 1229 767 1324 quando
790 1251 834 1302 ex
858 1251 1087 1324 quacumque
1110 1250 1226 1304 eausa
1250 1229 1289 1300 tit
1304 1229 1491 1302 iniustum.

297 1345 400 1439 ditolf
422 1347 610 1422 be-Bdneld:
631 1346 862 1439 -Superior
894 1353 1075 1440 quatenus
1109 1348 1193 1420 talis
1229 1345 1351 1438 nequit
1385 1345 1541 1436 obligari

212 1483 300 1555 erga
316 1462 534 1534 inferiorem.
552 1465 659 1556 Atqui
676 1463 843 1536 Ecclesia
857 1471 914 1534 est
930 1463 1118 1556 Superior,
1144 1469 1180 1536 et
1195 1461 1374 1536 contrahit
1389 1469 1428 1535 ut
1443 1462 1542 1536 telis.
1634 1519 1637 1527 .

215 1580 314 1672 Ergo
336 1577 505 1651 Ecclesia
528 1579 649 1673 nequit
672 1579 835 1671 obligari.

301 1696 544 1785 Respondemus.
564 1735 604 1750 -
628 1697 818 1788 Negamus
852 1697 1086 1790 Superiorem
1121 1717 1193 1768 non
1228 1715 1341 1788 posse
1377 1695 1543 1787 obligari,

210 1811 295 1904 quia
318 1811 387 1882 etsi
411 1812 593 1902 obligatus
617 1812 664 1886 ad
688 1813 898 1885 condendas
922 1821 957 1886 et
980 1813 1185 1885 servandas
1219 1815 1317 1904 leges
1342 1811 1543 1902 ordinatas,

213 1935 332 2020 potest
355 1935 477 2004 tomen
500 1950 597 2004 novo
621 1929 765 2002 vinculo
789 1929 935 2004 firmare
958 1952 1068 2006 xsuem
1084 1931 1339 2022 obligationem
1362 1927 1543 2002 mediante

210 2053 327 2138 pacto,
353 2067 483 2137 nempe
508 2047 542 2116 vii
560 2045 663 2138 pecti.
689 2045 750 2118 Sic
772 2046 832 2140 qui
844 2048 944 2136 jurat
968 2068 1116 2119 servare
1139 2047 1272 2140 aliquid
1295 2047 1342 2118 ad
1358 2046 1545 2140 quodjam

209 2170 363 2254 tenetur,
391 2169 487 2236 certe
511 2162 675 2236 monada
698 2163 805 2236 etiam
830 2163 1046 2254 obligatione
1071 2163 1261 2255 obligatur,
1288 2171 1324 2236 et
1345 2171 1487 2236 tenetur
1512 2164 1542 2232 vi

209 2281 318 2372 legia,
344 2289 379 2352 et
401 2281 434 2350 ri
456 2279 710 2372 jurisjurandi.
738 2279 830 2351 Hinc
853 2280 1031 2352 Summus
1055 2279 1221 2352 Pontifex
1244 2281 1362 2374 legem
1386 2278 1546 2354 Concor·

212 2396 334 2468 datam
358 2396 477 2468 firmat
501 2403 618 2490 pacto,
644 2403 679 2468 et
702 2395 748 2468 ad
772 2417 853 2468 eam
876 2421 914 2466 sa
931 2398 1065 2490 obliget
1088 2419 1182 2468 nova
1205 2397 1423 2489 obligatione
1441 2396 1543 2490 pacti.

211 2515 350 2588 Pariter
372 2514 547 2608 Princeps
569 2515 630 2610 qui
651 2515 729 2604 jam
746 2513 791 2585 ad
809 2515 927 2606 legem
950 2514 1215 2586 concordatam
1236 2521 1379 2586 tenetur
1401 2521 1441 2586 ut
1457 2511 1543 2584 sub-

210 2629 322 2721 ditus,
349 2629 396 2702 ed
418 2651 500 2705 eam
524 2649 566 2702 se
590 2631 722 2722 obligat
744 2631 816 2702 alie
839 2631 1056 2723 obligatione
1080 2632 1184 2721 pacti.
1539 2725 1544 2732 Ι

215 2843 219 2850 ⁵
299 2748 454 2842 dblclml.
472 2787 511 2804 -
527 2747 586 2820 Ex
609 2755 715 2838 pacto
739 2747 966 2818 imminuitur
990 2755 1153 2838 potestas
1187 2747 1418 2841 paciscentis.
1445 2747 1544 2840 Ergo
1609 2745 1612 2750 ’

212 2866 391 2938 Summus
414 2862 584 2937 Pontifex
616 2885 688 2936 non
713 2871 834 2956 potest
856 2864 892 2934 in
917 2863 1154 2950 Concprdatis
1189 2871 1294 2957 pacto
1318 2863 1478 2954 obligare
1502 2883 1544 2936 se

208 3003 277 3054 nec
302 3001 395 3053 suos
419 3001 673 3053 successorem

298 3099 532 3188 Respondemus
557 3099 703 3170 -Non
728 3097 839 3168 minui
871 3105 1084 3190 potestatem
1109 3096 1295 3170 Pontificis
1327 3099 1412 3190 quia
1438 3103 1543 3190 paeto

210 3214 491 3306 subintelligitur
522 3235 673 3305 semper
707 3212 863 3286 conditio
899 3213 1014 3286 donec
1039 3214 1144 3285 sitin
1171 3213 1306 3284 bonum
1340 3213 1541 3304 Ecclesiae,

209 3351 359 3404 servare
382 3337 504 3402 autem
535 3329 670 3424 aliquid
697 3327 813 3402 donec
838 3331 944 3402 sitin
971 3331 1106 3402 bonum
1139 3329 1352 3416 Ecclesiae,
1379 3339 1413 3401 et
1437 3330 1543 3402 adid

209 3469 251 3518 se
275 3447 433 3538 obligare
457 3468 553 3519 novo
572 3445 717 3518 vinculo
734 3447 839 3540 pacti,
860 3467 931 3518 non
949 3455 1006 3518 est
1022 3447 1174 3519 limitare
1198 3445 1455 3518 auctoritatem
1473 3445 1541 3518 Ec·

209 3563 355 3651 clasiae,
382 3563 448 3636 sed
472 3572 528 3636 est
550 3561 595 3635 de
612 3563 830 3657 perfectione
853 3563 1077 3636 auctoritatis
1101 3563 1300 3635 Ecclesiae.
1328 3563 1454 3657 Neque
1472 3562 1543 3636 hoe

208 3680 408 3754 destruitur
430 3687 576 3773 pactum
610 3679 708 3773 quod
739 3679 904 3754 Pontifex
934 3680 1031 3752 ineat
1054 3687 1201 3772 pactum
1232 3701 1315 3750 cum
1338 3677 1543 3750 conditione

207 3795 325 3868 donec
350 3797 397 3869 sit
421 3797 457 3868 in
476 3799 612 3870 bonum
635 3797 838 3887 Ecclesiae,
864 3796 1033 3869 eomodo
1057 3818 1130 3890 quo
1147 3817 1219 3868 non
1236 3794 1436 3868 destruitur
1459 3817 1543 3888 pac·

203 3921 286 4002 ¹tum
310 3933 357 3984 ex
380 3933 424 3985 eo
447 3911 545 4005 quod
569 3931 717 4005 semper
739 3911 835 3984 adsit
858 3913 1110 3984 subintellecta
1134 3910 1290 3983 conditio
1313 3912 1349 3982 in
1371 3913 1543 3984 omnibus

208 4031 336 4123 pactis,
362 4029 478 4102 donec
502 4037 646 4120 pactum
670 4031 716 4101 sit
735 4029 891 4119 justum.

297 4144 523 4220 concordata
547 4155 668 4218 eutem
704 4167 789 4217 oum
813 4144 1018 4218 infidelibus
1042 4153 1107 4218 aut
1129 4143 1322 4218 haereticis
1353 4153 1440 4216 sunt
1463 4167 1540 4220 ser·

209 4261 328 4334 vande
352 4263 562 4356 simpliciter
584 4271 623 4335 ut
647 4269 775 4356 pacta:
804 4263 886 4332 “ite
910 4284 951 4334 se
967 4283 1095 4354 gerere
1119 4263 1322 4334 Ecclesiam
1349 4263 1537 4356 oportebit,

211 4379 292 4450 uait
316 4380 503 4472 Tarquini,
529 4387 568 4451 ut
584 4379 677 4473 pacti
695 4379 856 4472 speciem
875 4379 910 4450 in
929 4378 1058 4449 iisdem
1075 4378 1238 4468 retineat,
1258 4399 1373 4472 eaque
1389 4379 1540 4472 proinde

211 4497 290 4569 “ae
313 4503 419 4588 pecta
443 4489 563 4566 servet
580 4549 611 4588 ,.

297 4611 482 4692 Quaedam
515 4621 639 4685 autem
673 4613 860 4685 clausolae
896 4611 1186 4684 vehementiores
1221 4612 1345 4683 heberi
1383 4621 1541 4705 possunt
1665 4614 1667 4618 ’

207 4727 353 4822 quando
381 4727 608 4801 Ooncordata
643 4729 843 4822 respiciunt
873 4731 961 4819 jura
995 4729 1183 4802 Ecclesiae
1218 4728 1412 4801 adventitia
1446 4751 1540 4823 quae

207 4845 356 4917 alienari
394 4846 521 4916 valent.
548 4844 599 4916 lta
623 4846 658 4915 in
683 4844 909 4918 Concordato
933 4845 1025 4916 inter
1049 4843 1238 4916 Urbanum
1262 4843 1369 4934 Vill,
1395 4853 1430 4917 et
1453 4847 1538 4918 Fer-

207 4959 405 5046 dinandum
417 4963 468 5031 II.
487 4963 627 5066 Regem
643 4963 894 5046 Romanorum
917 4983 1013 5042 anno
1030 4962 1129 5036 1630.
1148 4961 1301 5064 legitur:
1329 4963 1346 5002 “
1364 4961 1536 5064 adquam
