4054 6322
229 1139 361 1204 nentur
383 1131 573 1206 Ecclesiae
597 1140 632 1204 ct
655 1133 807 1204 Summo
831 1133 993 1204 Pontifici
1020 1139 1057 1204 ut
1081 1133 1276 1224 Supremas
1301 1131 1485 1221 potestati,
1514 1133 1563 1202 ita

226 1257 267 1319 ut
289 1249 452 1320 Pontifex
476 1246 606 1320 habeat
630 1250 774 1340 plenam
800 1257 1016 1339 potestatem
1039 1248 1173 1318 directe
1198 1250 1232 1318 in
1259 1249 1472 1340 spiritualia,
1510 1249 1561 1318 in·

226 1364 360 1436 directe
384 1367 419 1436 in
444 1365 669 1457 temporalia,
695 1387 768 1435 non
792 1365 1044 1436 deficientibus
1067 1365 1314 1436 Potestatibus
1332 1365 1508 1436 Civilibus
1526 1367 1560 1434 in

227 1502 353 1551 eorum
377 1481 657 1570 obligationibus
681 1503 769 1572 erga
792 1482 1007 1552 Ecclesiam.
1035 1484 1090 1548 Ex
1108 1479 1174 1550 hac
1193 1479 1490 1552 subordinatione
1507 1481 1563 1550 ci-

227 1597 353 1666 vilium
378 1599 603 1668 Potestatum
629 1597 758 1688 pendet
783 1619 915 1667 secura
938 1607 972 1666 et
996 1598 1103 1688 plena
1126 1597 1275 1666 libertas
1300 1597 1418 1688 ipsius
1454 1597 1560 1667 Sum·

226 1713 275 1785 mi
302 1712 488 1784 Pontificis
513 1711 680 1784 habentis
704 1713 910 1783 Dominium
935 1711 1164 1803 Temporale,
1183 1713 1213 1781 si
1231 1713 1326 1782 enim
1345 1713 1478 1784 Civiles
1495 1713 1562 1784 Po-

226 1836 379 1900 testates
403 1851 474 1898 non
500 1828 795 1918 subordinentur‚
822 1850 952 1920 parum
976 1829 1149 1900 resistere
1185 1830 1311 1920 poterit
1350 1831 1562 1921 temporalis

228 1953 393 2036 potestas
418 1945 555 2015 Summi
583 1944 778 2014 Pontificis.

317 2061 452 2134 Contra
475 2061 662 2154 expositas
688 2061 722 2132 in
748 2061 817 2134 hoc
841 2062 1003 2132 Articulo
1027 2062 1265 2134 Difficultates
1288 2070 1414 2132 contra
1440 2062 1562 2134 Domi-

228 2177 330 2248 nium
354 2177 572 2270 Temporale
597 2178 736 2249 Summi
762 2179 947 2248 Pontificio
971 2180 1018 2248 sit
1042 2199 1203 2270 sequens
1227 2180 1450 2271 Propositio:

228 2371 444 2425 prepostero:
474 2372 654 2427 130qule
679 2373 888 2426 teutonum
907 2371 1015 2426 Sdelfl
1036 2371 1560 2426 Pourlr1c1s1e8tltucESSAtttttu

572 2499 616 2550 UT
642 2497 781 2551 suuldus
808 2497 982 2550 rourtrux
1019 2499 1071 2551 sm
1098 2499 1215 2552 LIBER.

316 2653 522 2724 Dominium
548 2653 763 2744 Temporale
788 2653 928 2724 Summi
954 2653 1139 2724 Pontificis
1163 2662 1219 2724 est
1243 2654 1495 2726 necessarium
1521 2661 1559 2725 ut

227 2771 407 2838 Summus
432 2769 592 2839 Pontifex
619 2769 666 2838 sit
690 2769 778 2839 liber
802 2769 910 2840 etiam
935 2770 969 2838 in
994 2790 1085 2840 casu
1109 2791 1181 2862 quo
1206 2771 1340 2842 Civitas
1356 2773 1561 2842 Potestates

225 2883 511 2955 subordinantur
536 2885 687 2954 Summo
711 2884 890 2972 Pontifici,
917 2886 1048 2954 etenim
1073 2885 1317 2956 subordinatis
1332 2887 1561 2978 Principibus

227 3007 382 3089 possunt
407 2999 606 3072 succedere
631 3001 820 3092 Principes
845 2999 1120 3089 insubordinati‚
1141 3003 1291 3094 iusuper
1308 3003 1477 3073 voluntas
1494 3004 1559 3076 bu·

225 3135 333 3184 mana
356 3127 414 3186 est
436 3116 633 3206 mutabiliS,
660 3125 695 3187 et
719 3117 907 3207 Principes
932 3125 1016 3188 sunt
1041 3117 1257 3208 peccabilcs.

317 3232 414 3322 Ergo
439 3241 615 3322 quantum
640 3233 716 3304 fieri
742 3233 871 3324 poterit
895 3234 961 3303 erit
976 3251 1111 3304 secura
1126 3233 1310 3305 reddenda
1326 3237 1474 3307 libertas
1488 3239 1555 3306 Ec·

224 3347 360 3417 ctesias
385 3356 512 3418 contra
537 3349 825 3420 incertitudinem
850 3347 1159 3418 subordinationis
1183 3351 1309 3432 civilis,
1326 3351 1421 3442 quod
1439 3353 1560 3445 aliquo

226 3463 336 3534 modo
359 3463 435 3534 fieri
463 3472 582 3555 potest
606 3487 669 3555 per
694 3465 900 3536 Dominium
925 3465 1140 3557 Temporale
1180 3467 1321 3538 Summi
1358 3469 1558 3540 Pontificis.

225 3581 364 3650 Verum
390 3589 446 3650 cst
471 3601 640 3651 securam
665 3593 699 3651 et
722 3583 866 3672 plenam
889 3581 1090 3652 libertatem
1108 3583 1293 3652 Pontificis
1311 3605 1459 3676 semper
1475 3606 1561 3676 pen·

223 3696 310 3766 dere
334 3717 356 3766 a
380 3697 676 3768 subordinatione
700 3699 859 3768 civilium
884 3707 1117 3791 potestatum,
1144 3709 1265 3770 tamen
1290 3699 1382 3771 haec
1412 3702 1560 3773 libertas

224 3812 331 3884 debet
355 3813 430 3882 fieri
456 3833 588 3883 secura
612 3815 646 3883 in
671 3822 846 3905 quantum
869 3814 946 3884 fieri
971 3824 1102 3906 potest,
1140 3815 1236 3908 quod
1275 3817 1455 3889 obtinetur
1495 3839 1560 3909 per

226 3929 434 4000 Dominium
458 3928 674 4020 Temporale
697 3931 838 4000 Summi
863 3932 1059 4002 Pontificis.
