4054 6322
286 1037 369 1108 Part
385 1035 492 1107 erim
512 1031 989 1124 connumerassent,
1007 1071 1048 1084 -
1068 1053 1083 1092 v
1102 1023 1204 1107 Quod
1221 1023 1317 1098 omni
1342 1023 1435 1125 vitae
1450 1028 1534 1094 tuse

201 1155 409 1244 “tempora
434 1150 491 1222 vel
517 1147 577 1220 lilii
602 1147 652 1221 tui
678 1147 852 1233 Simonis,
888 1153 951 1218 sut
986 1145 1140 1218 alterius
1177 1142 1237 1236 qui
1262 1141 1460 1233 legittimus
1482 1137 1531 1210 tui

200 1266 367 1339 “haeres
390 1265 555 1350 extiterit,
583 1263 719 1338 nullam
743 1263 779 1336 in
804 1269 899 1334 terra
925 1261 1117 1354 potestatis
1142 1266 1298 1344 vestrae,
1314 1265 1456 1350 praeter
1471 1278 1531 1326 vo·

200 1383 409 1456 “luntatern
432 1389 494 1453 sut
518 1380 713 1461 consilium
738 1388 912 1468 vostrum,
939 1381 1119 1470 Legatum
1138 1379 1326 1448 Romanas
1342 1373 1532 1446 Ecclesiae

201 1501 456 1584 “statuemus3
484 1498 570 1591 quin
597 1496 670 1578 imo
694 1517 787 1590 quae
811 1517 874 1588 per
898 1497 1075 1586 Legatum
1093 1493 1209 1565 acturi
1227 1511 1372 1580 sumus,
1392 1511 1457 1582 per
1473 1511 1531 1560 ve·

201 1619 350 1686 “stram
374 1611 591 1686 industriam
614 1611 720 1718 legati
747 1611 824 1684 vioe
847 1608 1006 1683 exhiberi
1034 1611 1252 1697 volumus„.

286 1733 373 1805 mlle
398 1731 586 1833 etprettcts
610 1747 671 1806 nee
693 1732 750 1802 eet
771 1729 985 1820 meumst-
964 1729 1066 1796 -1.·
1090 1724 1133 1798 td
1169 1724 1297 1818 probat
1329 1721 1435 1794 Card.
1466 1725 1531 1792 Ba

200 1848 314 1918 renio.
340 1847 515 1921 Clemens
541 1844 633 1920 v111.
661 1844 843 1918 commisit
876 1846 916 1917 C.
943 1842 1109 1916 Beronio
1133 1850 1173 1914 ut
1196 1841 1373 1914 scriberet
1395 1838 1440 1912 de
1461 1843 1531 1912 hac

199 1965 358 2056 Legatia.
385 1963 424 2034 C.
452 1961 607 2036 Beronio
632 1961 795 2053 probavit
818 1961 961 2036 Bullam
986 1959 1122 2062 Urbepi
1149 1957 1190 2030 ll.
1214 1979 1286 2029 non
1303 1959 1529 2050 essegenui

196 2101 294 2168 nam,
320 2087 355 2152 et
377 2079 566 2171 Legatiam
591 2097 677 2162 esse
701 2076 918 2170 negandam.

329 2198 379 2268 a?
403 2195 481 2268 Etsi
506 2193 615 2268 citata
637 2193 741 2268 Bulla
765 2201 867 2266 esset
890 2195 1060 2286 genuina,
1087 2193 1218 2266 luisset
1240 2192 1433 2266 concessio
1454 2201 1531 2264 tan-

197 2327 275 2384 tum
300 2311 505 2404 personalis
528 2310 623 2390 lacta
646 2310 806 2402 Rogsrio
829 2310 961 2382 eteius
980 2309 1078 2398 liliis,
1105 2313 1140 2380 et
1162 2305 1308 2402 quidem
1325 2308 1530 2380 conditione

195 2427 291 2521 quod
316 2413 380 2498 seli
405 2428 542 2521 paterni
569 2425 816 2504 Ecclesiastiei
841 2433 1056 2499 executores
1080 2425 1356 2520 luissent,quae
1372 2423 1530 2498 conditio

196 2565 267 2614 non
293 2553 350 2616 est
374 2544 569 2616 verificats.

328 2663 377 2731 3.⁰
402 2661 460 2732 Ait
485 2659 689 2746 ustum-a,
718 2657 909 2732 Urbanum
934 2657 973 2731 ll.
1002 2659 1237 2730 concessisse
1256 2659 1442 2750 Legatiam
1459 2661 1528 2732 uo-

194 2777 295 2867 gerio
319 2776 460 2864 Comiti,
487 2797 572 2848 cum
596 2775 694 2861 vidit,
721 2797 859 2846 senon
886 2797 997 2866 posse
1033 2776 1135 2846 aliter
1164 2797 1249 2848 eum
1272 2777 1417 2870 placere
1442 2776 1531 2846 indi·

195 2899 358 2984 gnatum,
395 2913 507 2964 exeo
539 2891 635 2985 quod
674 2893 852 2984 Legatum
889 2893 1139 2964 nominaverat
1174 2892 1394 2986 Episcopum
1430 2892 1530 2964 Trai·

195 3029 361 3082 nenmm.

239 3181 314 3252 Art.
342 3177 423 3250 Xil.
444 3221 484 3232 -
503 3181 646 3255 tllttorle
670 3182 794 3254 ttrtttcs
818 3183 1055 3270 usurpationum
1078 3199 1158 3272 quse
1181 3185 1485 3272 conprehendurtur

587 3299 645 3372 ml
668 3297 791 3372 nonlue
814 3297 968 3391 lemtim
990 3298 1128 3372 8lettlne.

193 3525 204 3536 .
283 3465 430 3538 Certum
454 3475 511 3538 est
535 3489 598 3559 per
621 3467 692 3538 alia
718 3469 945 3540 Documenta
969 3467 1168 3559 Itogerium
1193 3470 1218 3541 l.
1245 3469 1362 3544 luisse
1379 3471 1527 3546 carleu-

192 3579 293 3656 mum
318 3583 480 3654 Pontiliei
505 3583 655 3656 Urbano
680 3582 736 3670 11.,
762 3591 796 3654 et
819 3585 865 3654 ab
890 3605 933 3656 eo
957 3585 1092 3658 multas
1116 3585 1321 3660 obtinuisse
1335 3587 1527 3662 lacultates

193 3700 227 3770 in
245 3699 528 3786 Ecclesiastiois,
546 3700 653 3770 etism
670 3700 830 3792 erigendi
848 3697 1090 3788 cathedrales,
1108 3713 1142 3774 et
1157 3701 1350 3776 dioeceses
1372 3705 1526 3778 circum·

192 3816 385 3887 scribendi.
413 3817 490 3888 Nee
514 3816 645 3888 mirum
668 3837 754 3890 cum
779 3817 856 3908 ipse
881 3817 1041 3888 Siciliam
1078 3817 1279 3890 liberaverit
1302 3820 1436 3912 ejugo
1460 3823 1528 3892 Sa·

192 3951 408 4004 recenorum
432 3935 491 4024 qui
517 3954 539 4002 a
564 3931 730 4023 pluribus
765 3933 925 4004 saeculis
950 3931 995 4003 ibi
1015 3934 1310 4056 dominabantur.
1337 3937 1430 4009 Hinc
1462 3959 1522 4009 res

190 4045 409 4120 christianas
444 4047 592 4119 omnino
628 4047 812 4141 collapsas
848 4049 1014 4139 restituit,
1053 4051 1241 4124 Ecclesiae
1270 4051 1525 4136 reedificando,

189 4159 346 4234 dotando
369 4171 452 4250 etc,
479 4171 514 4234 et
537 4163 645 4236 simul
684 4165 886 4236 resistendo
920 4165 1144 4240 Graecorum
1180 4168 1333 4255 insidiis,
1368 4170 1427 4264 qui
1452 4189 1519 4241 eas

190 4277 376 4354 Ecclesiae
410 4279 455 4350 ab
491 4279 693 4353 obedientia
735 4281 921 4352 Romanae
961 4283 1150 4356 Ecclesiae
1190 4283 1406 4360 subtrahere
1445 4293 1520 4358 ten-

189 4394 321 4465 tabant.

276 4511 460 4603 Rogerius
493 4512 544 4583 ΙΙ.
580 4513 680 4594 filius
715 4515 859 4606 Rogerii
885 4515 909 4588 l.
949 4517 1141 4612 usurpavit
1171 4515 1523 4594 administrationem

191 4632 368 4700 bonorum
392 4627 536 4700 sedium
561 4631 776 4722 vacantium,
803 4631 987 4725 impedivit
1005 4636 1163 4726 Legatos
1179 4636 1312 4727 Papae,
1339 4634 1423 4708 item
1442 4637 1524 4730 Epi·

191 4759 396 4834 sospesne
420 4743 575 4816 Romam
600 4747 773 4836 venirent,
809 4749 855 4819 ob
882 4769 974 4842 quae
993 4751 1039 4822 ab
1063 4750 1225 4823 Honorio
1249 4751 1288 4823 ll.
1314 4773 1525 4825 exeommu-

189 4857 336 4934 nicetus
358 4867 427 4934 est.
