4054 6322
614 815 660 888 ee

516 1009 646 1082 perse
671 989 824 1083 pertinet
848 986 893 1058 ad
918 989 1167 1062 auctoritatem
1190 991 1436 1082 temporalem,
1464 990 1530 1062 sed
1554 990 1720 1064 Ecclesia
1742 990 1789 1062 ab
1804 1012 1848 1062 ea

514 1113 633 1199 potest
655 1107 814 1197 exigere.
1123 1110 1132 1162 t

603 1223 771 1294 Ecclesia
795 1223 903 1314 igitur
927 1223 1032 1294 habet
1051 1225 1117 1314 jus
1141 1222 1187 1294 ad
1211 1226 1283 1295 vim
1306 1231 1484 1296 armatam
1521 1245 1586 1316 pro
1618 1247 1688 1298 sua
1726 1224 1847 1298 delen·

517 1341 633 1428 sione,
661 1337 727 1412 sed
752 1339 824 1410 vim
847 1346 1025 1412 armatam
1049 1363 1121 1412 non
1146 1339 1254 1412 habet
1277 1341 1313 1412 in
1337 1361 1379 1412 se
1403 1341 1656 1428 sufficientem,
1684 1341 1750 1412 sed
1781 1343 1846 1430 jus

515 1455 622 1528 habet
645 1454 691 1527 ad
715 1476 799 1527 eam
825 1455 1042 1546 exigendam
1066 1457 1111 1528 ab
1136 1457 1345 1528 auctoritate
1369 1455 1475 1540 civili,
1502 1455 1585 1528 irinc
1609 1457 1649 1526 in
1673 1456 1742 1529 hoc
1781 1459 1845 1528 Ec-

514 1573 626 1643 clesia
649 1571 787 1664 indiget
810 1571 979 1644 fidelitate
1002 1571 1174 1656 fidelium,
1199 1573 1412 1665 praesertim
1437 1573 1705 1664 imperantium.
1725 1573 1846 1644 Socie-

513 1696 571 1760 tas
595 1688 823 1760 constituitur
846 1711 894 1762 ex
918 1687 1188 1782 conspiratione
1224 1691 1492 1781 imperantium,
1532 1696 1567 1760 et
1601 1687 1842 1778 subditorum,

516 1806 599 1877 hinc
622 1805 657 1876 in
683 1805 861 1877 Societate
885 1803 998 1895 Civili,
1026 1813 1189 1898 potestas
1213 1806 1468 1898 imperantium
1492 1806 1626 1898 indiget
1665 1807 1844 1877 voluntate

513 1919 757 2006 subditorum,
785 1928 820 1992 et
847 1921 993 1992 nonnisi
1019 1923 1054 1991 in
1079 1921 1249 1993 fidelitate
1273 1920 1503 1995 subditorum
1528 1923 1716 2016 Imperans
1740 1920 1845 1994 habet

517 2041 585 2110 vim
609 2039 819 2110 coactivam.
845 2039 927 2110 Pari
952 2039 1062 2111 modo
1087 2039 1264 2112 Summus
1288 2038 1451 2112 Pontifex
1475 2037 1582 2110 habet
1617 2039 1689 2109 vim
1727 2061 1844 2111 arma-

514 2165 587 2228 tam
611 2179 633 2226 a
657 2155 825 2228 fidelitate
851 2155 1023 2242 fidelium,
1050 2157 1264 2248 praesertim
1290 2157 1558 2248 imperantium,
1585 2177 1726 2250 exque
1760 2155 1844 2226 fide-

512 2273 607 2346 litate
631 2283 749 2366 potest
773 2275 881 2346 etiam
906 2297 927 2344 a
952 2274 1056 2345 Statu
1080 2272 1227 2359 infideli,
1254 2274 1310 2344 vel
1335 2273 1516 2344 haeretico
1553 2296 1594 2344 se
1635 2271 1839 2344 defendere.

600 2389 915 2472 Quemadmodum
951 2390 1139 2482 imperans
1164 2389 1332 2462 fidelitate
1367 2397 1594 2462 caeterorum
1631 2390 1738 2460 habet
1772 2389 1842 2458 vim

511 2508 711 2579 coactivam
735 2517 862 2578 contra
885 2528 1001 2578 unum
1041 2507 1099 2578 vel
1122 2507 1276 2578 alterum
1302 2506 1487 2578 subditum
1512 2507 1698 2594 rebellem,
1724 2515 1759 2578 et
1776 2505 1843 2576 hac

512 2623 678 2696 fidelitate
703 2624 836 2714 indiget
860 2623 906 2694 ad
931 2622 1026 2695 hunc
1052 2624 1173 2711 finem,
1201 2622 1248 2694 ita
1284 2623 1495 2696 Ecclesiae
1519 2622 1688 2694 fidelitate
1727 2629 1843 2694 caete·

511 2761 634 2810 rorum
660 2738 916 2832 imperantium
941 2739 1048 2810 habet
1072 2739 1143 2808 vim
1166 2738 1366 2810 coactivam
1392 2741 1518 2810 contra
1540 2739 1698 2831 aliquem
1730 2743 1842 2830 impe·

511 2863 649 2927 rentem
674 2855 857 2945 rebellem,
884 2863 920 2925 et
944 2855 1011 2925 hac
1035 2853 1203 2925 fidelitate
1244 2854 1378 2945 indiget
1417 2854 1463 2925 ad
1502 2854 1600 2928 hunc
1634 2853 1756 2926 finem.
1799 2854 1842 2924 Et

511 2972 600 3044 haec
624 2980 681 3042 est
704 2993 881 3042 mensura
905 2971 961 3040 vis
985 2971 1170 3042 coactivas
1194 2971 1229 3041 in
1254 2971 1480 3058 auctoritate,
1507 2993 1579 3040 non
1621 2972 1743 3042 solum
1782 2991 1842 3063 po·

509 3088 632 3175 tentia,
659 3088 783 3159 sedet
808 3087 963 3158 fidelitas
988 3085 1228 3158 subditorum.
1269 3089 1368 3167 Quae
1407 3087 1560 3158 fidelitas
1598 3088 1634 3157 in
1676 3086 1840 3158 Ecclesia

510 3205 588 3276 sire
612 3203 842 3276 subditorum
865 3203 943 3275 sive
968 3203 1226 3294 imperantium
1251 3203 1372 3274 habita
1395 3211 1451 3274 est
1475 3202 1594 3274 Media
1610 3211 1740 3290 aetate,
1759 3203 1841 3274 hinc

510 3320 711 3391 fortissima
734 3327 820 3392 tunc
845 3319 908 3391 luit
931 3320 1130 3392 auctoritas
1153 3320 1369 3390 Pontificum
1396 3319 1442 3390 ad
1481 3319 1615 3391 tuenda
1649 3320 1736 3407 jura
1776 3319 1841 3388 Ec·

509 3435 655 3508 clasiae.
1027 3525 1029 3530 Ι

597 3553 704 3622 Nunc
728 3559 850 3624 autem
874 3559 930 3624 est
953 3549 1176 3644 deploranda
1201 3555 1381 3644 separatio
1397 3555 1442 3624 ab
1461 3553 1626 3626 Ecclesia
1643 3554 1840 3624 Nationum

509 3669 586 3738 sive
610 3667 946 3756 schismaticarum,
973 3667 1050 3740 sive
1078 3669 1372 3756 Protestantium,
1413 3691 1485 3762 quo
1525 3669 1681 3739 difficilis
1720 3667 1841 3740 evadit

508 3783 670 3854 Pontifici
708 3782 872 3854 delensio
912 3783 1111 3871 Ecclesiae,
1138 3807 1185 3857 ex
1209 3807 1243 3876 g.
1275 3806 1339 3877 per
1378 3785 1642 3876 depositionem
1682 3785 1838 3856 alieuius

507 3899 696 3990 Principia,
723 3900 855 3972 etenim
880 3900 1001 3991 utique
1026 3909 1153 3991 posset
1177 3901 1320 3973 solvere
1345 3900 1512 3974 subditos
1535 3901 1581 3973 ab
1621 3899 1836 3986 obedientia,

506 4016 632 4108 eisque
656 4016 894 4088 obedientiam
919 4017 1025 4088 etiam
1050 4015 1254 4108 prohibere,
1282 4018 1348 4090 sed
1372 4018 1547 4110 Princeps
1571 4019 1637 4089 etsi
1657 4017 1838 4109 ejectusa

506 4133 587 4203 suis
610 4130 776 4219 subditis,
804 4133 1037 4223 protestando
1063 4142 1188 4225 posset
1212 4155 1297 4206 sese
1322 4137 1426 4207 unire
1450 4135 1741 4206 protestantibus
1766 4135 1835 4204 Na·

505 4247 665 4319 tionibus
689 4246 736 4318 ad
759 4247 924 4320 subditos
948 4250 1233 4342 compellendos,
1261 4253 1316 4322 vei
1341 4251 1386 4322 ad
1403 4251 1584 4343 agendum
1601 4259 1726 4322 contra
1743 4252 1835 4322 Pon·

505 4363 649 4451 tificem,
675 4371 709 4434 et
733 4363 834 4454 ipsae
859 4363 1137 4453 schismaticae,
1164 4367 1219 4438 vel
1248 4370 1495 4439 Protestantes
1536 4369 1715 4438 Nationes
1753 4387 1836 4458 pos·

505 4487 586 4550 sent
609 4499 695 4550 sese
719 4501 866 4551 movere
889 4489 1017 4552 contra
1040 4484 1265 4572 Pontificem,
1300 4505 1345 4555 nc
1385 4483 1466 4555 eius
1501 4485 1699 4556 auctoritas
1735 4481 1836 4555 tortis

504 4595 671 4666 evaderet
695 4596 730 4666 in
745 4596 939 4668 Catholicis
953 4599 1180 4691 Nationibus,
1207 4608 1241 4670 et
1265 4601 1311 4670 ita
1328 4601 1441 4674 multo
1457 4601 1577 4692 magis
1593 4609 1719 4672 contra
1736 4598 1836 4670 Sciri-

504 4711 692 4798 smatieos,
719 4718 754 4782 et
777 4712 1003 4786 Haereticos.

593 4826 671 4898 Nec
696 4847 768 4897 non
794 4827 1019 4920 deploranda
1042 4841 1099 4902 est
1121 4833 1253 4904 ablatio
1277 4833 1430 4907 Dominii
1456 4833 1683 4927 Temporalis
1708 4833 1746 4905 S.
1774 4833 1836 4904 Se·
