4054 6322
571 766 631 836 38-

471 938 587 1010 ritatis
611 938 718 1027 actis,
740 945 779 1008 ut
797 937 868 1009 vim
883 937 919 1008 in
935 959 1005 1008 sua
1028 935 1161 1008 ditione
1185 935 1341 1007 babeant
1358 986 1388 1027 ,.
1416 935 1509 1008 Hinc
1520 937 1586 1026 jus
1603 937 1727 1009 Placiti
1744 927 1804 1010 de·

467 1054 565 1124 linit:
595 1057 610 1094 ‘³
637 1054 704 1130 lus
727 1053 951 1124 defensionis
975 1052 1156 1124 adversus
1182 1053 1369 1124 Ecclesiae
1391 1052 1582 1146 molimina
1602 1063 1733 1126 natura
1749 1055 1799 1124 in·

470 1171 579 1245 situm
603 1169 804 1244 auctoritati
829 1169 1005 1262 politicae,
1032 1169 1139 1240 cuius
1164 1169 1292 1239 virtute
1315 1168 1475 1240 declarat
1504 1170 1642 1242 nullam
1667 1169 1799 1245 habere

469 1287 540 1356 vim
563 1287 704 1374 Bullas,
730 1283 859 1356 Brevia
881 1285 1111 1371 Pontificum,
1137 1293 1244 1376 atque
1261 1284 1374 1356 alium
1391 1305 1659 1377 quemcumque
1681 1295 1803 1360 actum

470 1401 752 1474 Ecclesiasticae
776 1401 1000 1474 auctoritatis
1023 1401 1157 1493 quibus
1189 1400 1345 1472 facultas
1369 1401 1429 1472 illa
1464 1423 1534 1472 non
1571 1401 1637 1474 luit
1674 1403 1802 1497 imper·

467 1517 528 1588 lita
554 1569 584 1608 „.
1268 1537 1270 1542 ·
1756 1535 1758 1544 ’

556 1636 575 1704 J
578 1641 667 1708 uxta
676 1637 900 1728 Van-Espen
908 1635 973 1724 jus
987 1635 1110 1706 Placiti
1125 1635 1270 1728 respicit
1282 1645 1387 1707 actus
1399 1634 1664 1727 disciplinares,
1679 1642 1801 1710 tamen

467 1751 504 1820 in
522 1773 632 1843 opere
648 1752 701 1824 De
714 1751 1008 1844 Premulgatione
1021 1753 1143 1840 legum
1156 1752 1406 1822 Ecclesia-um
1422 1751 1492 1822 ait:
1515 1755 1530 1792 “
1549 1753 1706 1844 Regium
1725 1755 1801 1825 Pla·

467 1874 525 1940 cet
536 1889 765 1961 nequaquam
779 1876 919 1960 spectat
932 1869 1054 1961 ipsum
1065 1869 1147 1940 fidei
1155 1888 1355 1939 assensum
1368 1869 1628 1960 praestandum
1641 1870 1800 1960 dogmati

469 1985 513 2058 de
526 2006 599 2076 quo
614 1985 782 2058 fidelibus
798 1985 1021 2058 sufficienter
1036 1993 1177 2057 constat
1191 2007 1276 2056 esse
1290 1987 1501 2071 revelatum,
1528 1985 1594 2058 sed
1610 1987 1800 2058 dumtaxat

467 2101 555 2186 illud
571 2108 775 2188 externum,
793 2101 891 2195 quod
915 2101 1082 2174 consistit
1105 2103 1139 2171 in
1164 2103 1246 2194 ipsa
1268 2102 1449 2194 dogmatis
1473 2109 1622 2174 externa
1638 2104 1801 2194 proposi·

466 2222 575 2310 tione,
595 2218 847 2313 publicatione,
867 2227 901 2289 et
917 2219 1129 2290 executione
1148 2247 1178 2288 n.
1205 2220 1361 2310 Regium
1385 2219 1507 2290 Placet
1529 2217 1635 2290 datur
1659 2220 1800 2291 actibus

466 2336 689 2408 auctoritatis
706 2337 947 2428 Episcopalis,
966 2337 1122 2426 Regium
1139 2337 1347 2428 Exeqoatur
1370 2335 1476 2408 datur
1492 2335 1633 2408 actibus
1650 2337 1801 2408 auctori·
1882 2381 1887 2390 ·

465 2453 550 2526 tatis
566 2453 706 2524 Summi
735 2452 932 2524 Pontificis.
962 2453 1101 2524 Verum
1127 2473 1195 2523 nos
1219 2451 1314 2522 sicut
1338 2452 1416 2544 ipse
1443 2453 1663 2544 Van-Espen
1690 2453 1800 2524 sumi·

467 2592 552 2641 mus
569 2571 723 2662 Regium
735 2567 923 2655 Placitum,
951 2576 984 2640 et
1008 2568 1164 2660 Regium
1189 2570 1399 2661 Exequatur
1422 2575 1460 2640 ut
1484 2569 1677 2657 sinonima,
1694 2570 1800 2640 ambo

467 2686 564 2756 enim
581 2685 786 2776 significant
799 2687 1055 2756 necessitatem
1069 2705 1254 2754 assensus
1268 2684 1353 2775 regii
1369 2707 1434 2774 pro
1448 2685 1568 2756 valore
1581 2693 1728 2787 actuum
1742 2687 1800 2773 ju·
1879 2667 1882 2674 ¹

465 2801 684 2874 risdictionis
699 2801 981 2878 ecclesiasticae.
1001 2801 1094 2872 Hinc
1110 2799 1521 2892 concluditVan·Espen
1535 2801 1642 2873 etiam
1649 2803 1801 2874 Decreta

466 2919 678 3011 Dogmatica
702 2917 819 3007 subjci
844 2918 963 3008 Regio
987 2917 1123 2988 Placito
1148 2925 1188 2988 ut
1214 2919 1285 2989 vim
1309 2916 1465 2988 habeant
1488 2919 1523 2987 in
1539 2917 1618 2988 loro
1635 2926 1796 3005 externo,

467 3034 551 3123 qula
574 3040 732 3126 possunt
755 3055 840 3106 esse
865 3035 1003 3104 laasiva
1035 3035 1132 3123 juris
1166 3033 1314 3126 regalis,
1343 3035 1396 3104 vel
1423 3028 1680 3124 legittimarum
1717 3057 1800 3120 corr¹

467 3150 715 3239 suetudinum,
747 3159 785 3221 ut
821 3151 851 3220 si
887 3159 1188 3242 transgressores
1224 3150 1259 3220 in
1290 3149 1467 3239 judicium
1500 3159 1676 3223 vocentur
1699 3159 1799 3222 extra

464 3267 699 3358 provinciam,
726 3277 789 3338 aut
810 3266 909 3360 apud
930 3267 1076 3355 judices
1101 3287 1174 3338 non
1200 3267 1420 3358 recognitos,
1446 3276 1533 3358 puta
1549 3267 1795 3358 inquisitores

464 3389 527 3455 aut
549 3383 595 3454 ob
619 3404 757 3474 poenas
780 3404 874 3474 quas
898 3383 1071 3474 irrogant,
1099 3389 1139 3454 ut
1162 3383 1383 3476 temporales
1408 3405 1474 3474 pro
1492 3383 1606 3454 laicis.

554 3502 648 3571 Ante
673 3499 896 3591 Van-Espen
923 3499 1097 3570 Placitum
1123 3499 1279 3591 Regium
1302 3498 1492 3570 defensum
1507 3499 1624 3574 brerat
1641 3513 1680 3572 ut
1697 3523 1799 3574 exce·

466 3618 551 3710 ptio,
577 3615 656 3708 ipsc
681 3615 766 3690 illud
793 3617 983 3709 proposuit
1006 3629 1047 3687 ut
1070 3615 1247 3708 regulam.
1275 3615 1313 3690 ln
1329 3619 1458 3707 Regno
1481 3625 1604 3688 autem
1630 3618 1795 3710 Neapoli·

464 3742 561 3823 tano,
587 3733 736 3804 saeculo
761 3733 952 3824 superiori,
972 3733 1042 3803 sub
1060 3733 1226 3805 Ministro
1250 3733 1424 3819 Tanucci,
1443 3741 1481 3803 nt
1498 3733 1668 3806 securius
1684 3735 1794 3826 appli-

464 3858 607 3921 caretur
631 3847 787 3940 Regium
812 3850 990 3922 Placitum
1009 3851 1162 3938 jussum
1186 3857 1241 3920 est
1276 3871 1360 3920 esse
1395 3849 1659 3940 impetrandam
1682 3871 1705 3920 a
1727 3873 1790 3942 gu·

466 3966 590 4038 bernio
614 3965 796 4038 licentiam
821 3965 1001 4037 scribendi
1027 3967 1181 4037 Romam
1212 3987 1325 4054 super
1361 3965 1505 4058 negotia
1532 3965 1793 4054 ecclesiastica,

462 4104 556 4174 quae
579 4081 768 4153 dicebatur
791 4083 917 4153 Liceat
940 4082 1112 4153 scribere.
1140 4083 1240 4154 Haec
1263 4079 1456 4174 dispositio
1468 4084 1643 4174 abrogata
1659 4092 1715 4157 est
1732 4105 1797 4175 per

463 4202 529 4268 Art
550 4203 607 4269 23.
634 4197 850 4270 coneordat
874 4221 933 4268 an.
960 4202 1061 4270 1818.
1089 4199 1133 4268 Et
1155 4207 1247 4272 teste
1271 4199 1456 4290 Spernati,
1483 4201 1602 4292 usdue
1620 4200 1666 4272 ad
1684 4201 1794 4272 linem

463 4314 576 4404 elapsi
602 4315 738 4386 saeculi
766 4313 843 4386 laici
867 4314 968 4386 citari
993 4335 1065 4385 non
1091 4323 1254 4407 poterant
1270 4312 1316 4385 ad
1332 4315 1488 4394 tribunal
1505 4317 1796 4388 ecclesiasticum

462 4451 580 4524 neque
604 4431 650 4502 ob
675 4451 827 4504 causam
852 4429 1018 4503 haeresis
1042 4432 1180 4524 absque
1206 4431 1305 4524 regio
1330 4449 1505 4504 assensu.
