4054 6322
1447 791 1493 862 27

257 977 429 1071 possibile
453 977 520 1048 erit
544 994 675 1046 omues
698 993 947 1063 corrumpere,
973 969 1073 1062 quod
1090 975 1189 1040 esset
1205 965 1458 1039 necessarium
1473 973 1514 1038 ut
1529 965 1593 1036 ini·

254 1117 327 1188 qua
348 1093 559 1178 auctoritas
588 1089 643 1160 vel
667 1097 844 1181 potentes,
872 1086 940 1158 hoo
963 1087 1121 1196 tribunal
1146 1084 1291 1176 possint
1302 1081 1492 1176 possidere
1506 1103 1593 1176 que·

255 1209 491 1282 madmodum
515 1205 738 1277 ordinarium
762 1204 929 1274 tribunal.
956 1205 1083 1295 Neque
1107 1201 1211 1274 facile
1229 1208 1386 1293 possunt
1408 1202 1591 1292 corrumpi

256 1329 391 1411 favore,
416 1326 471 1396 vel
496 1323 665 1416 pecunia,
691 1329 778 1392 sunt
801 1320 899 1394 enim
916 1319 1032 1408 multi,
1051 1319 1204 1410 insuper
1220 1301 1347 1390 timent
1362 1317 1492 1388 falsam
1509 1337 1591 1390 sen·

256 1443 402 1516 tentiam
425 1439 622 1526 sustinere,
648 1437 704 1508 vel
728 1459 795 1530 pro
818 1437 912 1506 salsa
937 1435 1116 1506 sententia
1151 1441 1275 1506 votum
1313 1433 1476 1526 proferre
1507 1443 1591 1504 ante

255 1559 459 1632 ordinarios
482 1555 721 1645 Magistratus
746 1575 876 1645 nempe
899 1561 982 1624 ante
1006 1552 1257 1624 auctoritatem
1274 1573 1368 1644 quae
1382 1557 1508 1644 posset
1525 1572 1590 1622 eos

255 1679 358 1768 ipsos
380 1673 425 1746 de
449 1673 542 1744 falso
561 1669 700 1760 judicio
735 1669 992 1742 condemnare.
1019 1669 1050 1738 E
1073 1675 1201 1740 contre
1236 1669 1271 1738 in
1306 1690 1396 1740 casu
1427 1667 1473 1740 de
1497 1667 1590 1738 falso
1657 1721 1664 1736 .

250 1791 388 1882 judicio
412 1789 678 1860 ordinariorum
702 1787 980 1876 Magistratuum
1006 1807 1071 1876 pro
1095 1791 1269 1856 accusato
1293 1785 1421 1876 poterit
1443 1783 1589 1876 quidem

254 1908 441 2002 appellari,
463 1903 530 1978 sod
546 1904 578 1976 si
593 1904 650 1974 isti
665 1905 737 1976 sint
749 1923 814 1994 pro
830 1899 1070 1989 salsojudicio
1083 1901 1337 1992 conspirantes
1360 1900 1590 1994 nihiipoterit

254 2023 403 2097 obtineri
428 2046 494 2116 pro
514 2023 616 2112 justo
635 2019 774 2109 judicio
799 2017 975 2104 babendo,
1001 2039 1094 2108 quae
1119 2017 1338 2108 conspiratio
1354 2019 1588 2089 tribunalium

239 2165 319 2236 pro
344 2139 524 2213 sententia
546 2140 683 2226 injusta
707 2137 771 2206 erit
796 2135 995 2228 possibilis,
1021 2135 1099 2206 sive
1137 2137 1277 2223 timore,
1304 2138 1381 2207 sive
1406 2136 1529 2207 favore
1555 2145 1589 2206 et

256 2260 411 2351 pecunia
433 2258 464 2328 si
490 2256 612 2348 iniqua
634 2261 735 2326 essct
757 2251 970 2336 auctoritas»,
998 2251 1052 2323 vei
1087 2261 1252 2344 potentes
1276 2252 1386 2346 iniqui
1407 2253 1588 2342 judicium

256 2382 366 2464 agant
389 2381 513 2446 contra
538 2373 783 2463 impotentem.

813 2565 1071 2607 *a

640 2693 1083 2808 DISSERTATIO
1120 2695 1204 2800 III.

299 2959 355 3028 DE
381 2957 640 3029 POTESTATE
663 2952 871 3063 momncr
872 2955 900 3020 A
924 2951 1147 3024 EOCLESIAE
1172 2955 1218 3024 IN
1242 2953 1538 3028 TEMPORALIA.

325 3247 400 3317 Art.
428 3247 454 3316 1.
472 3287 511 3346 ·‘.
524 3247 577 3319 tus
592 3247 759 3320 Eccbstm
782 3249 884 3338 quoad
908 3249 1067 3322 natoriae
1089 3247 1288 3336 temporales
1310 3265 1368 3318 eeu
1391 3247 1516 3320 civitas.

338 3417 406 3489 Jus
423 3415 622 3508 imperandi
646 3416 682 3486 in
708 3394 969 3509 temporalibus
992 3440 1086 3510 quae
1111 3417 1324 3488 necessaria
1348 3424 1434 3486 sunt
1451 3439 1517 3508 pro
1535 3418 1585 3488 in·

248 3533 456 3605 columitate
480 3533 668 3603 societatis
691 3531 911 3606 christianae
934 3541 1073 3626 spectat
1105 3555 1169 3623 par
1200 3554 1241 3603 se
1264 3531 1311 3602 ad
1335 3533 1585 3604 auctoritatem

250 3649 402 3734 civilem,
429 3647 618 3720 deficiente
643 3671 729 3720 vero
743 3650 964 3722 ‘auctoritate
989 3649 1082 3721 civiti
1109 3649 1276 3721 Ecclesia
1291 3657 1411 3742 potest
1428 3658 1464 3721 et
1481 3651 1586 3723 debet

250 3765 420 3856 supplere
443 3751 670 3836 defendendo
694 3765 905 3838 societatem
928 3766 1164 3838 christianam
1180 3767 1226 3837 ab
1245 3765 1413 3838 hostibus
1429 3768 1507 3838 sivo
1531 3768 1582 3839 in-

249 3881 359 3954 ternis
382 3882 459 3952 sive
478 3881 656 3954 extemis.

337 3995 387 4067 ita
410 3996 442 4067 si
465 3997 641 4089 Princeps
664 3999 716 4068 sit
738 3999 901 4072 societati
928 3999 1095 4084 nocivus,
1123 4005 1211 4090 puta
1228 3999 1274 4070 ob
1292 4020 1439 4071 saevam
1464 4009 1584 4091 tyran·

247 4111 380 4200 uidem,
406 4113 585 4186 Summus
610 4113 788 4186 Pontiifex
812 4123 931 4205 potest
955 4114 1154 4202 declarare,
1182 4114 1350 4188 subditos
1376 4136 1463 4188 esse
1488 4119 1583 4190 solu·
1614 4169 1617 4176 -

246 4235 306 4300 tos
327 4251 350 4298 a
368 4228 579 4318 juramento
602 4230 796 4318 fidelitatis,
822 4243 856 4302 et
880 4232 1085 4322 Principem
1105 4231 1191 4321 jure
1215 4229 1446 4324 depositum,
1475 4235 1583 4306 aiios-

190 4363 201 4388 ·
246 4365 317 4438 que
340 4344 559 4416 christianos
583 4348 771 4438 Principes
795 4349 977 4432 invocare,
1004 4355 1043 4418 ut
1065 4369 1152 4418 eum
1175 4347 1357 4439 deponant
1393 4348 1439 4423 de
1474 4350 1580 4439 facto,

245 4457 465 4532 declarando
488 4483 555 4533 eos
580 4461 615 4531 id
638 4483 764 4554 posse,
793 4464 847 4534 vei
875 4460 922 4534 ad
947 4462 981 4534 id
1004 4465 1132 4536 teneri.
1580 4543 1584 4550 ,

337 4575 375 4650 id
405 4599 537 4650 norem
573 4578 701 4649 accidit
736 4579 888 4666 vicibus
928 4581 1085 4672 populos
1117 4581 1260 4652 solutos
1291 4581 1407 4656 fuisse
1430 4587 1476 4656 ab
1501 4585 1583 4656 obe-

248 4691 392 4782 dientie,
418 4701 456 4766 et
479 4693 628 4785 proinde
665 4694 920 4788 Imperatores,
957 4699 1013 4768 vel
1049 4699 1173 4790 Reges
1203 4700 1289 4792 jure
1316 4698 1516 4794 depositos,
1549 4712 1583 4774 et

247 4815 388 4882 tantum
410 4810 446 4884 in
470 4807 616 4886 duobus
654 4813 851 4906 postremis
887 4815 1038 4890 casibus
1074 4815 1257 4892 sententia
1288 4816 1474 4889 Pontificis
1497 4819 1582 4893 effe·
