4054 6322
880 932 956 1000 Art.
987 929 1033 1000 V.
1062 969 1102 982 ·-
1122 931 1171 1004 ue
1187 931 1265 1004 lure
1289 929 1446 1018 lismlhc.

505 1125 592 1182 runa
619 1125 793 1180 arctous
820 1123 1003 1180 enuncians
1028 1123 1179 1178 rossum
1203 1125 1369 1178 caucana
1394 1119 1625 1180 concessione
1650 1123 1833 1178 occassum

690 1213 694 1220 ⁴
975 1249 1049 1304 uon
1077 1251 1164 1304 runs
1192 1251 1360 1306 racemo.

590 1407 746 1482 nebride
773 1449 817 1462 -
841 1408 909 1478 lus
931 1405 1105 1498 Regaliae
1128 1413 1184 1476 est
1210 1407 1224 1446 c
1247 1407 1312 1496 jus
1336 1406 1512 1497 Principis
1548 1406 1692 1477 fruendi
1732 1421 1833 1499 prae·

504 1525 632 1598 bendis
656 1525 883 1612 vacantibuS,
908 1531 944 1596 et
967 1523 1175 1596 nominandi
1201 1521 1246 1593 ad
1272 1523 1447 1594 benedcla
1480 1545 1552 1594 non
1585 1530 1710 1596 curata
1745 1523 1832 1596 sede

502 1651 707 1734 vacante„

590 1759 658 1831 Jus
682 1759 855 1850 Regaliae
879 1766 1000 1852 potest
1023 1765 1228 1850 competere
1252 1757 1409 1848 Principi
1434 1759 1675 1828 concessione
1710 1757 1832 1828 Eccle-

506 1880 593 1966 siae,
620 1897 664 1948 ec
688 1875 892 1968 modoque
916 1874 1104 1966 Principes
1127 1882 1284 1965 possunt
1306 1872 1467 1964 gaudere
1494 1873 1582 1945 Jure
1615 1875 1832 1980 Patronatus

509 1997 539 2070 si
564 1993 656 2065 tales
680 1991 906 2066 conditiones
930 1997 1113 2084 apponant
1146 1999 1181 2062 et
1215 1991 1260 2066 ab
1299 1991 1465 2062 Ecclesia
1504 1993 1575 2062 sint
1612 1998 1829 2083 acceptetee.

500 2114 585 2184 Non
611 2117 769 2203 possunt
793 2119 912 2180 tamen
937 2107 1006 2180 hoc
1025 2110 1091 2198 jus
1115 2107 1186 2179 sibi
1211 2107 1432 2220 tribuerent
1466 2109 1663 2200 proprium,
1702 2109 1832 2202 quiea

507 2227 673 2320 prudenti
696 2226 871 2300 electione
897 2225 1146 2296 Ministrorum
1170 2222 1347 2322 dependet
1386 2224 1521 2295 bonum
1560 2225 1758 2314 Ecclesiae,
1798 2234 1832 2298 et

501 2344 652 2438 proinde
675 2365 803 2420 eorum
827 2343 954 2415 electio
979 2343 1131 2434 pertinet
1153 2339 1199 2412 ad
1221 2341 1471 2418 auctoritatem
1485 2342 1784 2414 ecclesiasticam.

589 2461 698 2553 Origo
722 2470 756 2536 et
779 2461 949 2531 Historia.

591 2580 715 2669 Reges
736 2577 844 2670 aliqui
870 2575 904 2646 id
929 2577 997 2646 sibi
1022 2575 1297 2668 adscripserunt
1315 2577 1400 2666 jure
1417 2576 1575 2668 proprio,
1590 2575 1673 2648 hinc
1698 2599 1830 2648 nomen

499 2693 683 2788 Regaliae.
708 2693 749 2764 ld
773 2692 952 2785 processit
975 2713 1020 2763 ex
1043 2693 1137 2764 lalsc
1158 2691 1398 2784 applicatione
1422 2691 1515 2782 juris
1545 2692 1715 2778 laudalis,
1747 2693 1832 2786 quia

499 2811 648 2884 laudum
673 2831 811 2888 vacans
834 2809 971 2882 redibat
995 2808 1041 2879 ad
1064 2809 1252 2881 dominum
1290 2809 1502 2896 (seniorem)
1542 2809 1658 2882 donec
1697 2830 1831 2882 rursus

499 2928 545 2998 ab
568 2948 613 2998 eo
641 2925 878 3002 conterretur.
1127 2999 1131 3004 .

588 3041 770 3118 Beneficia
794 3063 880 3114 vero
905 3063 976 3112 non
1001 3041 1046 3112 ad
1072 3059 1222 3113 normas
1245 3042 1344 3118 luris
1371 3040 1543 3113 Feudalis
1567 3040 1632 3114 sed
1657 3042 1828 3114 Canonioi

501 3159 750 3250 intelliguntur
772 3159 980 3247 constituta,
1006 3158 1077 3229 nisi
1099 3158 1198 3230 eliud
1220 3158 1404 3250 probetur.

589 3274 791 3372 Concilium
814 3273 1064 3365 Lugdunense
1090 3275 1130 3346 ll.
1156 3273 1320 3346 toleravit
1340 3276 1405 3365 jus
1430 3275 1602 3364 Regaliae
1637 3275 1696 3346 ubi
1729 3281 1831 3347 esset

500 3391 649 3486 pacifice
675 3390 932 3478 introductum,
958 3411 1087 3462 severe
1111 3399 1231 3462 tamen
1257 3392 1367 3469 vetuit
1390 3391 1471 3462 eius
1495 3371 1760 3464 extensionem.

589 3509 785 3600 imperator
808 3505 1025 3598 liudulphus
1048 3529 1145 3578 anno
1170 3507 1271 3578 1275.
1299 3508 1513 3580 renuntiavit
1551 3529 1615 3598 pro
1655 3509 1828 3580 universo

500 3625 652 3718 imperio
671 3625 744 3713 juri
771 3623 960 3714 Regaliae‚
986 3623 1177 3694 declarans
1204 3623 1321 3696 luisse
1359 3643 1511 3694 snorum
1550 3633 1829 3696 antecessorum

501 3741 789 3833 usurpationem.

588 3857 626 3926 ln
650 3857 766 3928 Gallia
790 3855 858 3928 hoc
879 3858 943 3946 jus
967 3859 1083 3948 primo
1106 3865 1290 3929 assertum
1326 3867 1382 3934 est
1406 3883 1425 3925 a
1461 3859 1689 3930 Parlamenlo
1730 3857 1831 3932 Peri·

498 3975 611 4046 siensi
635 3995 731 4046 anno
756 3975 855 4044 1608.
882 3973 959 4044 Sub
983 3973 1167 4046 Ludovico
1191 3976 1298 4046 XIV.
1319 3983 1511 4048 extensum
1535 3983 1591 4046 est
1613 3975 1660 4046 ed
1698 3996 1827 4048 omnes

496 4090 708 4162 Provincias
732 4097 957 4180 repugnante
982 4090 1115 4161 Sancta
1139 4091 1244 4161 Sede.
1824 4091 1827 4096 ’

585 4205 765 4296 Tempore
788 4205 969 4297 praesenti
995 4208 1118 4277 Status
1142 4207 1209 4278 sibi
1226 4207 1346 4278 tribuit
1371 4207 1464 4280 bona
1482 4209 1643 4281 beneficii
1662 4211 1824 4281 vacantis

495 4322 565 4394 sub
590 4321 763 4416 principio
786 4321 883 4414 quod
907 4323 1093 4394 Ecclesiae
1119 4344 1190 4394 non
1218 4331 1396 4415 competat
1433 4323 1496 4411 jus
1535 4327 1744 4414 acquirendi
1786 4335 1820 4396 et

382 4439 385 4448 '
497 4435 707 4530 possidendi
732 4438 827 4510 bona
850 4439 1063 4530 temporalia
1084 4439 1154 4510 nisi
1180 4463 1228 4513 ex
1251 4440 1490 4514 concessione
1515 4441 1640 4514 Status
1670 4445 1729 4534 qui
1755 4442 1824 4513 hoc

491 4555 558 4644 jus
584 4553 616 4626 ei
640 4553 804 4626 concedit
829 4555 1029 4627 revocabile
1054 4564 1088 4626 et
1111 4557 1181 4644 sub
1206 4555 1408 4628 conditione
1432 4557 1529 4651 quod
1547 4557 1829 4633 officicvacante

496 4671 733 4746 usuelructus
757 4671 880 4745 redeat
904 4671 950 4742 ad
967 4681 1152 4747 eoronam.
