4054 6322
1396 725 1439 799 31

296 897 365 972 Hic
387 901 586 974 omittimus
608 900 875 978 declarationes
894 903 991 993 juris
1015 903 1092 974 sive
1109 902 1287 974 naturalis
1304 903 1382 974 sive
1398 900 1541 994 positivi

207 1017 340 1110 quibus
364 1018 503 1088 Summi
529 1018 734 1107 Pontifices
776 1020 985 1111 interrogati
1010 1019 1056 1088 ab
1081 1019 1124 1089 iis
1162 1036 1318 1112 quorum
1356 1019 1539 1104 intererat,

207 1132 453 1204 auctoritative
479 1133 802 1224 pronuntiaverunt
827 1135 1014 1226 Principes
1049 1136 1212 1206 amittere
1235 1135 1419 1224 Regnum,
1461 1137 1539 1206 sive

203 1248 287 1352 jure
311 1257 474 1336 naturae,
501 1249 578 1322 sive
603 1270 650 1322 ex
674 1252 940 1324 limitationibus
979 1251 1144 1343 positivis
1180 1250 1314 1344 quibus
1348 1258 1431 1320 auct
1443 1249 1540 1319 trita-

208 1372 264 1436 tes
288 1367 507 1438 constitutae
531 1367 688 1440 luerunt.

298 1483 348 1554 lta
383 1484 602 1576 explicanda
640 1493 697 1556 est
734 1465 921 1556 translatio
961 1485 1076 1575 Regni
1117 1485 1278 1576 aprima
1314 1485 1539 1555 Francorum

207 1597 391 1690 dynastia,
416 1599 463 1670 ad
485 1602 688 1674 secundam
713 1602 931 1694 Capetioam,
957 1601 1071 1672 ultimi
1097 1600 1196 1672 enim
1221 1602 1344 1690 Reges
1360 1599 1538 1670 Merorin·

206 1715 308 1805 gicae
333 1717 469 1808 stirpis,
495 1719 556 1812 qui
581 1725 615 1791 et
640 1718 725 1803 nihil
748 1719 923 1790 facientes
947 1717 1115 1808 appellati
1152 1725 1261 1804 sunt,
1280 1717 1449 1788 umbram
1480 1735 1541 1807 po·

205 1833 279 1902 tius
303 1853 412 1924 quam
436 1835 680 1906 substantiam
704 1835 840 1925 Regiae
865 1834 1055 1926 potestatis
1071 1834 1305 1920 retinuerant,
1331 1853 1424 1924 quae
1441 1834 1542 1922 regia

206 1956 371 2040 potestas
394 1953 634 2024 exercebatur
656 1960 690 2022 et
714 1951 971 2044 possidebatur
994 1974 1017 2022 a
1046 1950 1335 2040 Majore-domus
1369 1949 1541 2040 potentis·

208 2065 303 2138 simo
341 2065 541 2140 feudatario
565 2069 656 2138 inter
681 2069 798 2160 Regni
829 2067 1054 2158 digniterios.
1081 2067 1233 2158 Pipinus
1249 2067 1361 2156 igitur
1385 2066 1537 2138 illustris

206 2177 325 2252 Caroli
350 2183 470 2274 Magni
495 2182 614 2273 lilius,
632 2185 666 2253 in
693 2205 816 2275 regem
856 2185 1092 2276 exoptabatur
1115 2207 1138 2252 a
1161 2182 1277 2272 Regni
1303 2183 1537 2273 primoribus.

207 2297 453 2389 Interrogatus
488 2307 544 2370 ast
583 2300 691 2390 igitur
729 2302 837 2370 etiam
862 2297 1041 2370 Summus
1070 2299 1237 2372 Pontifex
1283 2298 1481 2371 Zacharias
1518 2321 1541 2368 a

205 2415 368 2504 Francia,
395 2424 429 2486 et
453 2416 617 2508 reposuit
636 2417 781 2504 justum
805 2436 890 2486 esse
908 2423 947 2486 ut
963 2416 1021 2485 ille
1038 2415 1154 2506 Regio
1178 2415 1279 2486 titulo
1303 2413 1538 2486 decoraretur

206 2530 265 2623 qui
289 2529 521 2624 respondenti
545 2539 723 2622 potestate
746 2532 944 2604 fruebatur.

508 2705 585 2773 Art.
613 2705 657 2774 V.
678 2743 718 2754 -
737 2705 780 2775 lte
803 2705 1006 2793 depositione
1030 2705 1271 2792 inperatorem.

295 2875 430 2946 Notum
454 2881 510 2944 est
533 2894 630 2944 anno
652 2874 731 2944 800.
758 2873 918 2945 Leonem
958 2873 1014 2944 lll.
1034 2873 1226 2946 Summum
1250 2873 1461 2946 Pontificem
1487 2895 1539 2946 re·

206 3011 366 3062 novasse
384 2992 419 3060 in
435 2993 595 3080 persona
611 2989 728 3062 Caroli
746 2991 866 3080 Magni
891 2989 1101 3087 dignitatem
1125 2989 1356 3082 imperatoris
1374 2990 1540 3062 occiden-

205 3107 301 3194 talis,
327 3106 386 3198 qui
412 3106 623 3198 simpliciter
656 3106 848 3176 Romanus
883 3105 1082 3196 imperator
1114 3104 1233 3178 dictus
1257 3115 1325 3178 ast.
1345 3107 1537 3178 Romanus

206 3223 404 3314 Imperator
423 3221 533 3292 Medii
549 3223 628 3295 aevi
652 3221 737 3293 nihil
754 3221 852 3294 aliud
870 3231 945 3292 erat
967 3243 1078 3318 quam
1091 3220 1264 3292 'defensor
1287 3231 1453 3294 armatus
1472 3225 1537 3294 Ec·

206 3339 341 3409 clasiae
365 3346 492 3408 contra
509 3337 635 3410 hostes
660 3347 832 3410 externos
848 3347 883 3410 et
898 3322 1073 3410 internos.
1100 3337 1182 3430 lpse
1207 3339 1242 3408 in
1266 3357 1308 3410 se
1344 3339 1540 3430 colligebat

205 3453 303 3544 illam
326 3455 516 3542 Ecclesiae
540 3458 802 3546 protectionem
824 3477 934 3549 quam
954 3456 1032 3542 jam
1056 3447 1292 3526 e'xercueranl
1309 3463 1452 3528 veteres
1469 3456 1538 3527 lm-

205 3579 393 3660 peratores
416 3572 584 3642 Romani.
612 3571 694 3664 lpse
720 3573 871 3663 insuper
895 3580 933 3643 ut
954 3577 1063 3663 ceput
1096 3569 1321 3642 defensionis
1346 3571 1537 3642 Ecclesiae

204 3687 417 3780 disponebat
431 3687 476 3758 de
494 3687 628 3758 viribus
651 3707 744 3780 quas
768 3689 936 3760 Ecclesia
961 3687 1115 3759 babebat
1130 3687 1177 3758 ad
1193 3709 1234 3758 se
1258 3685 1535 3778 defendendam,

206 3805 260 3876 vel
284 3825 377 3899 quas
402 3805 460 3874 alii
483 3804 607 3876 Status
633 3805 688 3874 vel
713 3802 842 3876 fideles
863 3806 895 3875 ei
921 3804 1210 3896 suppeditabant.
1230 3845 1232 3848 -

293 3919 371 3991 Hoc
394 3920 527 3994 indicat
549 3921 667 4014 ipsius
701 3919 942 4010 jurisjurandi
967 3921 1164 3993 formula...
1187 3923 1202 3960 “
1223 3921 1421 3994 innomine
1437 3919 1539 3992 Obri-

208 4065 223 4104 a
250 4038 295 4108 sti
319 4037 497 4128 spondeo,
522 4045 629 4130 atque
665 4038 840 4128 polliceor
854 4059 923 4128 ego
941 4039 985 4106 N.
1004 4040 1203 4129 Imperator
1226 4045 1469 4128 protectorem
1492 4061 1536 4110 ac

207 4159 222 4196 “
248 4154 478 4226 defensorem
503 4154 578 4225 fore
613 4154 723 4226 huius
758 4154 913 4225 Sanctae
939 4155 1125 4225 Romanae
1150 4154 1338 4226 Ecclesiae
1364 4155 1398 4224 in
1424 4135 1538 4226 omniss

207 4273 222 4311 ‘⁴
249 4272 320 4342 bus
343 4271 556 4342 utilitatibus
582 4279 692 4358 etc.»
787 4317 789 4324 .

293 4387 434 4458 Summi
458 4387 653 4459 Pontifices
677 4389 827 4459 saeculo
851 4389 901 4460 X.
928 4389 1107 4478 eligebant
1130 4389 1165 4457 in
1191 4389 1453 4480 Imperatorem
1476 4388 1536 4480 qui

205 4506 344 4576 electus
367 4511 468 4574 esset
491 4505 568 4575 Rex
592 4504 819 4576 Germaniae.
847 4504 1014 4576 conditio
1049 4505 1235 4578 electionis
1263 4527 1285 4574 a
1315 4504 1537 4595 principibus

204 4621 422 4692 electoribus
462 4623 590 4710 posita,
617 4629 652 4690 et
675 4630 861 4713 acceptata
895 4623 940 4693 ab
966 4623 1045 4713 ipso
1081 4623 1212 4708 electa,
1253 4630 1330 4692 erat
1357 4628 1396 4691 ut
1434 4622 1536 4690 illum

203 4736 428 4807 intenderent
452 4737 584 4827 eligere
608 4739 644 4806 in
670 4739 808 4827 Regem
832 4738 891 4830 qui
916 4737 1050 4826 dignus
1075 4747 1174 4808 esset
1197 4747 1236 4808 ut
1259 4759 1282 4808 a
1305 4737 1477 4809 Pontifiee
1500 4737 1548 4806 in.
