4054 6322
484 1031 586 1104 deret
610 1031 770 1106 libertate
795 1032 958 1126 precaria
981 1039 1015 1104 et
1038 1039 1304 1120 momentanea,
1332 1055 1403 1104 non
1420 1031 1537 1104 stabili
1562 1039 1597 1104 et
1612 1037 1700 1123 tuta,
1720 1032 1815 1104 ideo·
1855 1012 1858 1018 ⁵

485 1170 555 1242 que
581 1171 653 1220 non
678 1157 779 1236 esset
803 1150 837 1220 in
863 1157 960 1220 statu
984 1168 1053 1220 seu
1076 1147 1280 1220 conditione
1306 1157 1560 1244 permanenter
1584 1149 1708 1220 libera.
1784 1223 1786 1228 ,
1832 1233 1834 1237 ,

573 1266 665 1337 Hinc
689 1286 805 1360 neque
831 1266 919 1338 liber
942 1272 1054 1355 essct,
1081 1284 1198 1356 neque
1221 1263 1266 1336 de
1290 1265 1370 1336 eius
1394 1265 1556 1337 libertate
1579 1274 1764 1338 constaret
1780 1267 1814 1336 in

484 1383 599 1456 rebus
624 1381 789 1474 agendis,
816 1391 939 1454 utrum
970 1401 1101 1474 nempe
1124 1381 1230 1454 luerit
1252 1379 1352 1470 liber,
1379 1382 1435 1452 rel
1460 1382 1530 1453 sub
1554 1383 1693 1456 influxu
1716 1382 1815 1453 Prin·

483 1499 578 1592 cipis
594 1499 830 1588 territorialiS,
850 1499 1003 1592 eiusque
1018 1499 1135 1591 gratia
1150 1497 1263 1589 egerit
1280 1498 1335 1569 vel
1352 1497 1621 1572 foederatorum
1645 1519 1813 1584 suorum,

482 1615 542 1708 qui
569 1622 689 1687 status
713 1623 810 1693 certe
838 1637 909 1686 non
933 1622 1034 1688 esset
1057 1615 1234 1688 naturalis
1259 1622 1292 1686 et
1309 1614 1485 1687 normalis
1508 1637 1575 1707 pro
1599 1615 1765 1690 Ecclesia
1782 1622 1815 1687 et

483 1732 636 1804 Summo
651 1733 844 1814 ¹Pontifioe.

572 1851 678 1924 bloet.
703 1891 742 1903 -—
762 1849 917 1922 Videtur
941 1849 1059 1942 magis
1086 1849 1307 1922 couveniens
1335 1847 1545 1920 Pontificem
1570 1850 1707 1940 protegi
1733 1849 1812 1942 lege

484 1965 752 2040 intemationali
776 1966 821 2040 de
846 1965 1054 2046 omnimoda
1083 1967 1164 2038 eius
1187 1963 1474 2057 independentie,
1494 1985 1587 2058 quae
1611 1967 1680 2038 sub
1704 1965 1814 2038 tutela

479 2063 575 2172 juris
598 2084 763 2175 gentium
788 2083 959 2175 ponitur,
986 2081 1078 2152 adeo
1102 2089 1141 2154 ut
1166 2083 1331 2154 nationes
1348 2081 1564 2154 omnessint
1588 2080 1751 2154 vindices
1775 2081 1814 2152 li·

484 2199 630 2270 bartatis
662 2199 849 2287 eiusdem,
877 2200 907 2270 si
932 2200 1058 2270 forsan
1086 2199 1259 2291 Princeps
1275 2198 1498 2274 territorialis
1523 2197 1641 2272 eidem
1664 2204 1811 2270 attente·

484 2320 586 2388 verit.

417 2421 423 2438 ⁸
571 2435 664 2524 neap.
685 2451 723 2486 -'-
738 2435 817 2507 Hoc
840 2455 913 2510 non
937 2455 1023 2506 esse
1054 2433 1243 2507 sufficiens
1266 2455 1331 2525 pro
1356 2433 1462 2525 plena
1487 2431 1647 2506 libertate
1672 2432 1812 2504 Summi

482 2549 680 2638 Pontificis‚
707 2571 853 2642 semper
878 2549 974 2622 enim
997 2557 1099 2621 esset
1123 2550 1157 2620 in
1183 2555 1361 2642 potestate
1384 2549 1482 2620 illius
1506 2549 1566 2636 qui
1584 2549 1620 2618 in
1636 2549 1813 2620 territorio

482 2664 751 2758 dominaretur,
778 2668 845 2738 etsi
869 2665 1017 2738 haberet
1045 2664 1208 2737 vindices
1237 2665 1329 2736 alias
1354 2665 1546 2754 nationeS‚
1574 2666 1725 2757 insuper
1749 2664 1813 2735 hu·

483 2801 593 2852 mana
616 2784 785 2854 voluntas
810 2792 867 2854 est
890 2783 1086 2870 mutabilis,
1112 2781 1196 2852 hinc
1221 2783 1397 2852 Summus
1423 2781 1578 2852 Pontifix
1603 2780 1775 2872 penderet
1791 2802 1814 2848 a

482 2899 643 2970 mutabili
668 2899 880 2991 Principum
905 2900 1111 2985 voluntate;
1139 2898 1306 2970 homines
1331 2905 1417 2969 sunt
1441 2897 1658 2989 peccabileS,
1684 2897 1814 2990 etipse

482 3015 621 3106 absque
646 3015 827 3106 praesidio
852 3014 1025 3108 penderet
1052 3015 1097 3086 ab
1122 3014 1288 3108 ipsorum
1312 3015 1483 3106 peccabili
1507 3013 1687 3086 fidelitate.

571 3132 779 3212 Dominium
810 3133 1010 3225 temporale
1042 3131 1150 3222 igitur
1167 3139 1223 3201 est
1240 3130 1426 3202 Ecclesiae
1457 3129 1732 3220 necessarium,
1759 3137 1814 3202 est

483 3259 605 3318 autem
629 3249 882 3320 necessarium
906 3248 990 3341 quia
1015 3248 1094 3318 sine
1111 3247 1271 3323 dominio
1295 3245 1483 3339 temporali
1496 3268 1566 3318 non
1584 3254 1701 3337 potest
1729 3269 1813 3319 con·

483 3365 614 3435 sistere
639 3365 829 3436 Ecclesiae
863 3365 1021 3436 libertae.
1048 3365 1215 3436 Libertas
1249 3372 1371 3436 autem
1396 3369 1452 3434 est
1477 3363 1662 3439 Ecclesiae
1687 3383 1814 3435 neces·

483 3480 582 3550 saria
605 3501 679 3551 non
704 3489 743 3551 ut
767 3481 826 3570 sit,
853 3480 918 3552 ead
942 3489 981 3552 ut
998 3482 1043 3552 sit
1059 3481 1096 3551 in
1112 3501 1182 3552 suo
1200 3458 1294 3551 statu
1318 3479 1483 3568 normali,
1511 3501 1641 3572 nempe
1665 3488 1705 3552 ut
1721 3481 1813 3554 bene

483 3594 541 3680 sit,
566 3597 625 3688 qui
652 3603 770 3668 status
800 3606 953 3669 nonest
985 3605 1104 3669 status
1136 3597 1322 3668 servitutis
1345 3604 1385 3667 ut
1408 3597 1443 3665 in
1477 3595 1603 3687 primis
1636 3595 1810 3686 saeculis,

483 3709 549 3780 sed
572 3711 757 3802 libertatis.
786 3711 832 3784 Ut
855 3723 977 3785 autem
1001 3713 1157 3784 ecclesie
1181 3713 1228 3784 sit
1252 3712 1373 3798 libera,
1401 3712 1653 3784 necessarium
1678 3719 1734 3781 est
1750 3710 1813 3781 do·

483 3827 634 3898 minium
656 3829 866 3921 temporale,
892 3851 1004 3902 secus
1027 3829 1093 3900 erit
1116 3827 1271 3901 subdita.

572 3945 697 4037 Neque
721 3944 823 4016 dicas
847 3947 1039 4018 Summum
1064 3946 1275 4018 Pontificem
1299 3965 1410 4038 posse
1434 3966 1521 4016 esse
1535 3943 1687 4016 liberum
1700 3943 1812 4016 etiam

484 4057 563 4130 sine
588 4058 747 4133 dominio
772 4062 972 4154 temporali,
998 4083 1129 4154 nempe
1153 4063 1261 4133 etiam
1285 4061 1320 4133 in
1360 4061 1538 4132 territorio
1567 4059 1668 4134 Civili
1706 4061 1813 4132 Pote-

484 4176 566 4247 stati
591 4176 767 4266 subiecto,
793 4178 824 4248 si
849 4177 974 4251 Civilis
998 4179 1205 4250 Auctoritas
1229 4199 1374 4249 ornnem
1398 4177 1596 4249 libertatem
1635 4177 1667 4248 ei
1705 4178 1810 4249 relin-

482 4301 579 4384 quat,
606 4294 741 4365 etenim
766 4316 837 4365 non
862 4303 919 4366 est
941 4317 1028 4367 vera
1051 4295 1199 4366 libertas
1223 4317 1316 4383 quae
1340 4292 1544 4386 dependent
1578 4316 1622 4368 ex
1658 4294 1812 4408 alterius

483 4409 676 4499 voluntate,
703 4411 817 4482 multo
842 4411 964 4482 minus
987 4419 1043 4482 est
1067 4432 1154 4482 vere
1178 4418 1211 4481 et
1235 4410 1348 4488 libera
1371 4409 1578 4482 Auctoritas
1602 4432 1696 4502 quae
1727 4432 1813 4503 pen-

481 4528 581 4596 deret
604 4546 648 4596 ex
672 4525 904 4598 subditorum
927 4526 1123 4598 voluntate.
1152 4526 1202 4598 lta
1226 4548 1298 4598 non
1322 4534 1423 4597 esset
1446 4547 1533 4596 vere
1556 4533 1590 4597 et
1609 4525 1720 4599 libera
1737 4529 1814 4598 Au·

481 4641 630 4714 ctoritas
653 4641 839 4714 Pontifiois
863 4641 1099 4735 dependentis
1123 4667 1145 4712 a
1168 4643 1334 4735 Principe
1369 4642 1584 4730 territoriali‚
1609 4663 1704 4738 quae
1739 4643 1812 4714 Au·

482 4759 628 4829 ctoritas
650 4779 723 4828 non
748 4766 865 4852 potest
888 4760 1027 4852 concipi
1052 4760 1166 4830 libera
1189 4767 1224 4830 et
1250 4758 1489 4851 indipendens
1513 4759 1543 4828 si
1562 4759 1643 4830 eius
1660 4759 1809 4830 libertas

482 4873 683 4973 dependeat
704 4898 728 4952 a
751 4875 928 4955 Scelerate
948 4875 1052 4950 uirili
1075 4896 1170 4976 quae
1192 4883 1227 4954 et
1251 4875 1331 4976 ipsa
1362 4881 1421 4954 eet
1456 4875 1644 4954 Ecclesiae
1683 4875 1812 4958 subor-
