4054 6322
604 757 652 832 60

508 932 695 1004 Ecclesiae
721 919 933 1022 denegetur,
961 938 1057 1023 patet
1081 929 1284 1002 Ecclesiam
1307 929 1352 1000 de
1375 929 1469 1000 iacto
1493 929 1624 1000 debere
1661 951 1703 1001 se
1736 950 1840 1000 ecco·

506 1049 646 1122 modari
670 1047 799 1136 Statui,
826 1047 921 1120 idest
944 1047 1132 1140 spirituale
1155 1047 1357 1138 temporali,
1383 1053 1418 1116 et
1442 1067 1553 1138 saepe
1583 1045 1769 1117 veritatem
1786 1067 1839 1116 er-

507 1166 593 1254 rori,
615 1165 795 1254 justitiam
818 1165 1045 1256 turpitudini.
1071 1163 1162 1243 Quid
1187 1165 1218 1234 si
1244 1163 1410 1234 Ecclesia
1450 1161 1589 1232 habens
1627 1163 1838 1253 praevalen·

506 1289 578 1354 tem
603 1283 675 1354 vim
699 1282 925 1354 materialem
949 1281 1135 1352 invocaret
1159 1277 1369 1352 Formulam
1396 1280 1564 1354 “Libero
1590 1283 1697 1356 State
1723 1282 1762 1352 in
1796 1279 1840 1350 li-

506 1396 593 1466 bcro
619 1393 760 1483 chiesa,
789 1447 804 1484 „
830 1401 865 1464 et
889 1394 1011 1463 omnia
1036 1415 1100 1484 per
1115 1413 1157 1464 se
1183 1391 1415 1482 legislatione
1440 1403 1510 1462 sua
1533 1390 1756 1482 disponeret,
1789 1393 1838 1461 di-

505 1519 602 1582 recte
627 1511 841 1602 spiritualia,
857 1509 1042 1582 indirecte
1059 1508 1298 1600 temporalia?
1314 1507 1393 1578 Hoc
1409 1507 1556 1600 quidem
1572 1507 1741 1578 Ecclesia
1757 1529 1839 1598 pos·

506 1637 563 1699 set
585 1627 704 1698 lacere
728 1625 759 1697 si
780 1627 925 1716 justitia
948 1627 1074 1699 Status
1097 1625 1280 1716 deiiceret,
1306 1633 1341 1697 et
1365 1626 1446 1717 ipsa
1471 1623 1620 1697 heberet
1650 1625 1726 1694 vim
1765 1625 1839 1696 sul·

505 1745 696 1831 linientem,
723 1744 788 1816 sed
813 1752 901 1815 tunc
925 1746 1046 1814 omnia
1068 1743 1308 1834 gubernando
1333 1743 1513 1830 Ecclesia,
1534 1750 1706 1832 possetne
1723 1741 1836 1813 Statui

506 1861 704 1934 libertatem
740 1861 871 1932 offerre
905 1859 1065 1932 derisiva
1091 1859 1264 1930 Formula
1289 1861 1305 1898 a
1330 1860 1461 1930 Libero
1501 1863 1607 1930 Stoto
1649 1860 1687 1928 in
1724 1859 1839 1928 libera

502 1979 640 2065 ,eticae
658 1981 703 2068 ,i
728 1978 765 2050 ln
792 1976 858 2048 hac
883 1976 1038 2069 ipothesi
1063 1974 1148 2070 quid
1173 1983 1276 2048 esset
1292 1975 1445 2046 Status?
1471 1997 1582 2068 quam
1621 1982 1834 2066 potestatem

507 2094 656 2166 haberet
678 2094 713 2166 in
738 2094 917 2166 Societate
941 2095 972 2164 si
998 2093 1121 2163 omnia
1146 2083 1344 2186 penderent
1367 2115 1389 2162 a
1413 2099 1584 2184 potestate
1619 2091 1835 2162 Ecclesiae?

506 2213 607 2282 Patet
631 2209 699 2282 hoc
723 2211 798 2281 lore
822 2211 1107 2282 destructionem
1131 2210 1268 2282 Status.
1295 2209 1377 2280 Pari
1401 2209 1509 2280 modo
1533 2207 1689 2279 dicimus
1713 2214 1833 2278 notam

507 2327 716 2398 Formulam
744 2329 758 2368 o
786 2327 916 2400 Libero
943 2327 1076 2398 Cliesa
1100 2327 1139 2396 ia
1164 2327 1281 2398 libero
1317 2329 1436 2414 State,
1464 2325 1560 2416 ,uti
1597 2325 1754 2396 sumitur
1791 2324 1833 2398 de

505 2443 610 2530 lacto,
637 2443 827 2515 destruere
851 2451 1067 2536 potestatem
1091 2443 1295 2536 Ecclesiae,
1325 2463 1413 2516 cum
1447 2443 1525 2532 jam
1565 2463 1695 2513 omnes
1730 2449 1834 2513 actus

504 2559 636 2631 civium
662 2558 844 2650 pendeant
866 2582 889 2630 a
913 2560 1056 2650 legibus
1080 2557 1247 2630 civilibus
1270 2580 1355 2630 curn
1379 2558 1609 2652 separatione
1632 2559 1679 2628 ab
1704 2559 1836 2629 Eccle-

504 2674 557 2746 sia
579 2697 673 2768 quae
698 2697 770 2746 non
797 2675 902 2746 habet
927 2676 999 2746 vim
1028 2675 1241 2748 coactivam.

594 2791 722 2882 Neque
745 2790 889 2862 dicatur
914 2792 1081 2883 potestati
1105 2791 1298 2864 Ecclesiae
1322 2791 1473 2884 relinqui
1512 2799 1619 2863 actus
1658 2791 1832 2876 internos

501 2907 586 2999 quia
609 2916 716 2978 ectus
740 2907 871 2980 interni
895 2907 1054 3000 dirigunt
1078 2916 1262 2997 externos,
1289 2916 1323 2979 et
1347 2908 1378 2977 si
1403 2909 1502 2978 cives
1526 2916 1707 2998 coguntur
1731 2909 1832 2978 aliter

502 3024 665 3096 exterius
689 3045 895 3116 agereque
919 3025 1080 3096 sentiunt
1103 3025 1269 3111 interme,
1295 3033 1493 3114 gravantur
1517 3025 1678 3096 maxima
1719 3033 1834 3115 tyran-

504 3140 640 3226 nidum,
665 3140 766 3210 cives
789 3141 885 3210 enim
905 3141 971 3228 jus
996 3139 1128 3212 habent
1152 3141 1224 3210 imo
1249 3148 1415 3210 tenentur
1438 3139 1484 3212 ad
1501 3140 1709 3232 sequendas
1726 3161 1832 3212 veras

502 3278 653 3327 normas
678 3257 893 3328 moralitatis
917 3265 950 3326 et
969 3257 1146 3346 justitias,
1172 3277 1265 3348 quae
1290 3265 1376 3328 sunt
1399 3277 1548 3329 normae
1572 3257 1772 3330 Ecclesiae.

592 3372 781 3463 Separatio
805 3373 931 3444 Status
955 3373 1001 3442 ab
1025 3373 1194 3444 Ecclesia
1208 3394 1281 3444 non
1299 3373 1420 3444 solum
1444 3380 1588 3444 nonest
1604 3372 1828 3460 necessaria,

502 3487 567 3559 sed
592 3489 718 3558 Status
741 3487 876 3580 indiget
900 3489 1035 3560 unione
1052 3510 1138 3560 curn
1161 3489 1341 3577 Ecclesia,
1368 3496 1498 3560 natura
1522 3497 1577 3560 est
1606 3488 1831 3561 insufficiens

501 3603 547 3673 ad
572 3605 759 3676 veritatem
783 3613 818 3675 et
841 3627 972 3676 sanem
996 3605 1235 3676 moralitatem
1260 3604 1482 3698 sequendam
1507 3606 1586 3674 sine
1610 3605 1747 3676 auxilio
1764 3607 1831 3675 Re·

501 3721 688 3792 velationis
712 3720 757 3792 de
779 3744 850 3814 qua
873 3721 1042 3792 Ecclesia
1065 3729 1122 3792 est
1146 3721 1264 3794 fidelis
1289 3722 1478 3814 interpreS,
1506 3721 1556 3792 uti
1582 3722 1734 3810 probant
1773 3743 1832 3792 ex-

501 3857 635 3908 cessus
659 3838 905 3928 Pagenorum,
932 3845 969 3908 et
992 3838 1099 3908 etiam
1124 3838 1337 3908 naturaliter
1360 3836 1540 3930 loquendo
1565 3837 1689 3910 Civilis
1713 3838 1832 3908 Socie-

513 3973 557 4024 as
580 3953 830 4027 materialibus
854 3953 1010 4044 negotiis
1034 3953 1218 4046 implicata
1242 3953 1377 4044 indiget
1399 3953 1535 4024 auxilio
1552 3953 1696 4026 illorum
1712 3957 1771 4048 qui
1791 3975 1831 4023 se

499 4067 667 4140 dedicant
689 4069 803 4142 rebus
827 4070 1090 4160 spiritualibus,
1118 4077 1157 4140 ut
1172 4078 1206 4138 et
1228 4069 1322 4140 alios
1339 4071 1373 4140 in
1392 4070 1538 4142 veritate
1562 4077 1597 4140 et
1629 4069 1828 4142 moralitate

499 4184 667 4276 dirigant.
688 4184 780 4255 Hinc
797 4207 869 4254 non
886 4194 942 4254 est
960 4207 1084 4256 verum
1101 4184 1198 4278 quod
1221 4186 1409 4256 Liberales
1425 4185 1559 4274 dicunt,
1578 4186 1830 4259 necessarium

500 4321 586 4372 esse
611 4301 753 4372 Statum
776 4302 822 4370 ab
847 4301 1014 4374 Ecclesia
1038 4301 1215 4393 separari,
1241 4323 1353 4374 secus
1380 4303 1590 4374 necessario
1615 4302 1670 4371 vel
1705 4302 1830 4372 Status

499 4418 677 4510 opprimet
700 4417 904 4492 Ecclesiam
930 4419 985 4490 vel
1011 4419 1177 4492 Ecclesia
1201 4419 1267 4490 erit
1307 4419 1604 4512 impedimentum
1639 4419 1756 4490 Statui
1798 4419 1831 4488 in

499 4536 579 4604 suis
603 4535 771 4626 negotiis.
792 4535 959 4606 Ecclesia
983 4536 1111 4626 poterit
1126 4557 1212 4606 esse
1230 4535 1527 4628 impedimentum
1544 4535 1720 4622 licentiae,
1742 4557 1830 4606 nun-

498 4671 608 4740 quam
632 4672 720 4720 vero
745 4650 882 4721 ordinis
905 4651 941 4722 in
966 4651 1084 4738 Statu,
1109 4645 1417 4742 quemadmodum
1441 4652 1538 4723 enim
1562 4661 1660 4724 recta
1687 4652 1780 4723 ratio
1797 4657 1831 4720 et

497 4764 734 4856 conscientia,
760 4765 897 4840 lumine
920 4767 1072 4872 rationis
1095 4768 1308 4864 gubernans
1335 4775 1441 4842 actus
1469 4767 1664 4858 humanos,
1685 4773 1832 4842 nonest

1661 8 2006 542 Ὗ
