4054 6322
1448 797 1490 871 51

267 974 411 1064 cedere,
436 973 521 1068 quia
544 975 727 1046 obstarent
751 974 853 1064 leges
877 971 1014 1059 ciritae,
1041 979 1126 1042 tune
1156 969 1262 1060 juxta
1302 969 1411 1041 linem
1446 971 1594 1044 Triden-

258 1092 320 1161 tini
345 1090 517 1187 Episcopi
542 1089 741 1182 procedunt
765 1113 808 1156 ex
834 1088 1025 1160 informata
1050 1087 1282 1158 conscientia.
1304 1086 1340 1159 ln
1356 1087 1460 1158 Italia
1483 1109 1539 1160 ex.
1555 1113 1591 1180 g.

260 1229 334 1280 non
363 1207 486 1280 multis
509 1207 641 1278 abhinc
664 1207 771 1278 annis
795 1206 920 1297 plures
943 1201 1142 1296 presbyteri
1169 1203 1470 1298 subscripserunt
1504 1205 1593 1278 litte·

259 1324 311 1396 ris
334 1323 453 1396 Oaroli
478 1321 670 1414 l’assaglia
692 1321 739 1392 ad
764 1321 973 1392 Pontificem
1004 1319 1162 1408 directis,
1199 1319 1334 1412 quibus
1373 1341 1458 1394 eum
1489 1343 1593 1414 roga·

260 1441 345 1512 bant
369 1447 408 1511 ut
432 1439 654 1511 renuntiaret
679 1437 837 1510 dominio
861 1436 1063 1528 temporali,
1088 1461 1131 1507 ac
1171 1435 1323 1530 proinde
1363 1436 1592 1510 incurrerunt

261 1559 298 1628 in
321 1555 509 1628 Censores
532 1556 625 1626 latas
648 1577 670 1624 a
694 1555 730 1624 S.
750 1554 815 1624 Pio
840 1554 885 1623 V.
906 1553 941 1624 in
966 1551 1227 1625 Constitutione
1250 1579 1265 1617 6
1285 1553 1593 1644 Admonetnos,n

263 1673 348 1746 hinc
371 1672 517 1766 quidam
540 1671 713 1764 Episcopi
741 1693 785 1742 ne
811 1692 852 1742 se
877 1678 1098 1763 exponerent
1138 1671 1266 1762 poenis
1305 1670 1471 1742 civilibus
1507 1674 1592 1744 alle·

268 1789 390 1880 gando
412 1809 579 1876 causam,
605 1809 671 1859 eos
695 1787 967 1880 suspenderunt
991 1809 1035 1858 ex
1059 1785 1250 1858 informata
1287 1787 1521 1878 conscientia,
1562 1797 1597 1861 et

265 1906 489 1997 interrogata
514 1907 549 1976 S.
577 1905 669 1978 Sede
693 1927 740 1976 an
765 1905 967 1996 Suspensio
993 1902 1083 1976 baec
1106 1903 1359 1993 sustineretur,
1374 1925 1595 1997 responsum

261 2029 317 2094 est
340 2045 399 2094 an.
426 2026 528 2094 1863.
553 2023 776 2094 afflnnative.
832 2021 835 2030 ’

350 2141 571 2230 minantum
594 2140 858 2213 confirmativum.
876 2181 915 2191 -
935 2139 976 2210 In
1000 2140 1153 2231 qualibet
1178 2140 1348 2211 societate
1365 2140 1520 2232 pubblici
1536 2141 1593 2210 Ol·

262 2257 398 2328 ficiales
408 2257 637 2346 subjciuntur
649 2257 885 2348 exceptionali
899 2257 1064 2349 potestati
1074 2257 1311 2348 Superiorum
1323 2258 1382 2349 qui
1396 2257 1590 2349 aliquando

261 2372 462 2466 procedunt
485 2394 559 2445 non
579 2373 797 2463 judicialiter
812 2373 878 2444 sed
895 2373 1191 2459 administrativa,
1210 2382 1244 2445 et
1260 2375 1406 2444 arbitrio
1423 2395 1491 2445 seu
1509 2394 1591 2465 pru·

261 2487 381 2560 denlia
404 2511 474 2561 sua
498 2491 533 2560 in
558 2489 828 2581 suspendendis
852 2490 1094 2580 inferioribus,
1115 2511 1226 2561 secus
1242 2489 1433 2582 aliquando
1458 2491 1592 2582 impos·

265 2604 382 2676 sibilis
405 2614 505 2678 esset
528 2613 629 2678 recta
653 2606 879 2698 gubernatio.

485 2803 563 2874 Art.
590 2803 639 2874 X.
660 2843 700 2854 -
717 2803 761 2874 lle
785 2803 918 2892 lapella
941 2821 999 2876 seu
1022 2803 1205 2876 llomrcbta
1229 2803 1367 2877 Siclliae.

507 3021 591 3084 oum
618 3023 671 3075 SlT
696 3021 843 3074 LEGATIA
871 3021 934 3076 SEU
963 3021 1167 3076 donincum
1195 3021 1340 3078 siclum:

350 3178 560 3251 Enormitas
595 3177 841 3268 complectens
877 3176 1054 3248 hactenus
1090 3179 1292 3249 recensitas
1330 3181 1591 3272 usurpationes

261 3297 374 3369 laicae
399 3294 586 3388 potestatis
612 3293 794 3365 verificata
817 3301 873 3364 est
896 3293 931 3363 in
957 3315 1116 3385 eaquae
1152 3294 1282 3366 dicitur
1307 3295 1518 3368 Monarcbia
1542 3299 1596 3368 Si·

262 3411 376 3484 ciliae.

350 3527 561 3600 ldonarcbia
596 3525 738 3600 Siciliae
773 3526 997 3598 consistebat
1032 3527 1066 3598 in
1104 3527 1173 3600 boc
1196 3526 1292 3621 quod
1321 3528 1403 3600 Rex
1427 3529 1594 3602 eiusdem

262 3658 363 3718 esset
385 3645 548 3736 Legatos
571 3643 716 3716 Summi
739 3643 926 3714 Pontificis
949 3663 972 3712 a
995 3643 1107 3714 latere
1131 3650 1252 3730 natus,
1283 3645 1516 3717 concedendo
1540 3647 1592 3718 di·

261 3760 528 3853 spensationes
556 3759 812 3852 indulgentiae,
833 3759 1008 3830 beneficia
1024 3760 1165 3831 minora
1177 3765 1212 3830 61
1228 3761 1379 3850 majora,
1395 3761 1593 3850 judicando

228 3911 230 3926 =
262 3899 351 3966 666,
377 3885 412 3946 61
434 3876 584 3966 insuper
607 3875 747 3947 nullum
770 3875 882 3948 alium
908 3877 1087 3968 Legatum
1110 3896 1133 3948 a
1164 3876 1200 3946 S.
1226 3875 1320 3950 Sede
1351 3877 1439 3947 mitti
1466 3890 1593 3969 posset

262 3991 330 4062 nisi
354 3991 399 4064 de
422 4011 609 4063 consensu
632 3993 759 4084 RegiS,
784 3991 882 4084 quod
906 3991 1043 4062 redolet
1067 3991 1226 4063 indolem
1249 3991 1531 4066 schismaticam.

349 4109 391 4178 In
429 4109 577 4200 Legalia
611 4107 756 4180 Siciliae
792 4111 841 4177 1.⁰
865 4110 947 4180 Rex
971 4118 1048 4180 erat
1078 4109 1205 4180 laicus.
1242 4111 1292 4180 2?
1328 4109 1595 4183 contendebant

260 4227 384 4318 Reges
407 4233 621 4318 potestatem
646 4224 713 4296 sibi
738 4245 958 4297 concessam
982 4245 1067 4296 esse
1093 4225 1378 4296 irrevocabilem.
1411 4229 1457 4297 3.⁰
1483 4227 1593 4320 impe-

259 4341 404 4414 diebant
426 4343 519 4414 alios
544 4341 710 4432 Legatos.
738 4344 790 4412 4.·
813 4341 1054 4434 impediebant
1071 4363 1265 4415 recursum
1280 4342 1528 4415 immediatum
1546 4346 1592 4415 ad

261 4459 454 4532 Summum
479 4459 690 4530 Pontificem
715 4457 783 4528 nisi
808 4458 998 4550 impetrata
1023 4459 1127 4528 venia
1152 4458 1345 4529 scribendi.
1372 4462 1421 4528 5.⁰
1446 4459 1595 4552 impedi·

263 4577 348 4646 bant
381 4575 629 4647 executionem
664 4574 941 4661 Rescriptorum
974 4575 1164 4666 Papalium
1200 4575 1269 4646 nisi
1295 4576 1438 4647 obtento
1476 4577 1594 4669 Regio

260 4695 485 4784 Exequatur.
801 4675 802 4678 ’

350 4809 519 4885 16161666
541 4815 727 4904 postrema
750 4816 903 4906 quatuor
925 4816 1012 4884 sunt
1036 4807 1282 4884 schismatica.
