4054 6322
577 792 623 866 12

482 968 528 1040 ad
553 965 818 1059 paciscendum
843 965 888 1038 de
912 968 1084 1038 societate
1096 965 1316 1039 admittenda
1339 965 1395 1040 vel
1420 989 1505 1053 non,
1528 977 1561 1040 et
1584 967 1630 1040 ad
1654 969 1815 1061 obligau-

478 1086 548 1160 dos
562 1085 708 1180 seipsos
725 1091 759 1154 et
774 1084 882 1156 etiam
898 1090 1068 1177 posteros
1084 1083 1131 1154 ad
1147 1083 1288 1156 civilem
1306 1083 1531 1156 societatem.
1550 1087 1687 1156 Tamen
1703 1087 1812 1179 aliqui

480 1227 547 1277 eos
572 1225 645 1274 non
670 1201 948 1274 confutaverunt
970 1201 1007 1271 in
1031 1223 1153 1272 errore
1177 1200 1373 1292 praecipuo
1396 1201 1504 1274 cuius
1527 1204 1643 1294 gratia
1668 1212 1813 1295 pactum

480 1320 619 1393 sociale
654 1319 868 1392 invexerunt
903 1318 959 1389 rel
994 1327 1282 1411 supposuerunt,
1322 1337 1452 1409 nempe
1476 1318 1511 1388 in
1536 1339 1660 1390 errore
1683 1319 1812 1390 admit

481 1437 575 1510 tendi
601 1435 769 1508 homines
793 1457 866 1506 non
890 1433 1011 1506 vivere
1035 1435 1072 1504 in
1095 1433 1189 1504 cirili
1210 1433 1382 1504 societate
1402 1441 1533 1524 sponte
1558 1434 1624 1506 sed
1648 1443 1812 1524 coactos,

483 1553 582 1626 hunc
604 1571 765 1624 errorem
789 1551 849 1643 qui
874 1557 932 1622 est
954 1549 1228 1623 tundamentum
1252 1550 1345 1641 pacti
1381 1550 1531 1622 socialis
1555 1573 1627 1624 non
1652 1549 1812 1624 conluta-

480 1677 636 1758 vorunt,
663 1666 730 1740 sed
769 1669 867 1741 hune
898 1687 1060 1739 errorem
1101 1665 1352 1758 admiserunt,
1390 1665 1621 1740 admittentes
1645 1667 1813 1740 homines

484 1787 604 1857 vivere
626 1787 662 1856 in
687 1785 859 1858 societate
882 1783 978 1858 civili
1003 1805 1076 1856 non
1112 1805 1157 1855 ex
1193 1790 1397 1876 spontanea
1427 1791 1463 1858 et
1494 1777 1606 1856 libera
1629 1783 1812 1856 voluntate

481 1901 548 1974 sed
571 1926 616 1976 ex
641 1901 870 1974 necessitate.
905 1899 1114 1974 Differentia
1147 1901 1238 1972 inter
1272 1900 1412 1992 primos
1448 1907 1483 1972 et
1513 1893 1699 1972 secundos
1723 1900 1814 1974 haec

479 2033 546 2108 est,
573 2015 670 2112 quod
694 2018 802 2109 primi
826 2017 872 2090 ad
896 2017 965 2088 hoc
990 2014 1249 2090 sustinendum
1274 2017 1310 2088 in
1336 2015 1482 2088 homino
1517 2015 1643 2104 libero,
1670 2015 1812 2090 invexe-

480 2143 564 2208 runt
586 2142 731 2228 pactum
756 2135 892 2206 sociale
923 2157 993 2227 quo
1030 2133 1140 2206 homo
1176 2133 1378 2206 libertatem
1415 2133 1577 2206 amiserit
1600 2155 1645 2208 ex
1669 2135 1813 2226 propria

480 2253 662 2326 voluntate
686 2260 720 2323 et
743 2259 860 2343 pacto,
887 2251 991 2322 alteri
1017 2251 1240 2322 recentiores
1265 2257 1491 2342 negaverunt
1527 2249 1728 2324 libertatem
1753 2251 1812 2322 ho·

480 2369 589 2440 minis
613 2369 649 2438 in
673 2367 853 2441 tendendo
878 2367 1095 2439 naturaliter
1111 2364 1158 2438 ad
1184 2365 1407 2456 societatem,
1446 2364 1609 2438 dicentes
1634 2367 1727 2438 hanc
1751 2389 1812 2439 na·

479 2484 635 2556 turalem
659 2483 879 2556 tendentiam
912 2505 984 2556 non
1020 2503 1106 2556 esse
1141 2483 1304 2572 liberam,
1331 2504 1462 2576 nempe
1486 2504 1531 2554 ex
1554 2482 1623 2554 hac
1658 2485 1811 2556 naturali

481 2599 662 2674 tendentia
685 2599 852 2672 homines
875 2621 958 2673 esse
982 2601 1018 2670 in
1044 2599 1217 2672 societate
1242 2619 1315 2670 non
1339 2622 1385 2672 ex
1408 2597 1521 2670 libera
1545 2600 1721 2672 electione
1745 2598 1811 2672 sed

480 2742 525 2790 ex
550 2717 779 2805 necessitate,
807 2715 904 2806 quod
929 2718 1062 2808 pariter
1077 2715 1295 2804 callaicum,
1322 2713 1490 2786 homines
1514 2715 1612 2788 enim
1635 2737 1709 2788 non
1726 2725 1812 2789 sunt

480 2835 579 2907 liberi
593 2839 733 2904 tanturn
753 2855 818 2924 pro
835 2832 1001 2904 felicitate
1021 2831 1174 2904 volenda
1190 2851 1258 2902 seu
1271 2853 1335 2921 pro
1353 2831 1448 2901 bono
1464 2831 1632 2921 generice
1651 2841 1808 2926 sumpte,

480 2973 545 3043 pro
569 2949 848 3042 particularibus
872 2957 994 3021 autem
1018 2948 1124 3020 bonis
1138 2955 1225 3020 aunt
1241 2947 1355 3034 liberi,
1374 2955 1532 3038 possunt
1548 2969 1679 3040 nempe
1695 2971 1811 3022 unum

480 3067 536 3138 vel
559 3066 714 3138 alterum
739 3065 957 3156 particulare
982 3065 1118 3135 bonum
1143 3063 1292 3154 eligere.

569 3181 704 3254 Contra
726 3181 819 3251 istos
843 3179 968 3252 iterum
993 3179 1200 3252 asserimus
1224 3178 1405 3249 hominem
1422 3201 1510 3252 esse
1526 3180 1681 3252 liberum
1697 3181 1733 3251 in
1750 3181 1812 3252 eli·

480 3297 600 3390 ganda
624 3299 797 3368 societate
822 3296 880 3367 vel
904 3317 977 3367 non
1001 3295 1070 3368 etsi
1105 3295 1316 3368 naturaliter
1351 3295 1473 3368 tendat
1503 3295 1549 3366 ad
1586 3295 1810 3384 societatem,

480 3423 516 3488 et
541 3415 651 3486 libere
677 3413 712 3484 in
736 3413 906 3485 societate
932 3411 1051 3483 vivero
1075 3411 1120 3482 de
1144 3411 1251 3498 lacto,
1289 3413 1498 3503 potuissent
1521 3413 1619 3484 enim
1643 3412 1811 3485 homines

480 3539 515 3603 et
538 3535 694 3622 possunt
716 3529 905 3602 discedere
929 3529 965 3598 in
989 3527 1098 3599 aliam
1123 3529 1346 3617 societatem,
1374 3530 1428 3599 vel
1453 3536 1554 3600 extra
1585 3530 1809 3617 societatem,

480 3649 530 3724 uti
556 3654 654 3740 patet
684 3647 846 3717 exsecto
878 3645 923 3717 de
958 3645 1187 3735 Anacoretis‚
1225 3653 1259 3716 et
1294 3667 1338 3716 ex
1363 3646 1524 3718 libertate
1548 3667 1657 3739 quam
1682 3668 1811 3718 omnes

482 3765 616 3836 habent
652 3761 719 3834 lroc
754 3763 893 3832 lactum
929 3761 1093 3832 imitandi
1130 3761 1348 3833 discedendo
1373 3771 1474 3833 extra
1497 3763 1719 3835 societatem.
1746 3763 1812 3834 Po·

481 3882 551 3953 sita
574 3879 642 3952 hac
666 3879 828 3950 libertate
851 3901 962 3972 quam
986 3899 1118 3951 omnes
1140 3877 1273 3950 habent
1297 3887 1332 3950 et
1356 3900 1464 3950 nemo
1487 3885 1606 3970 negat,
1636 3879 1812 3968 jamnon

480 4005 538 4070 est
561 3997 765 4070 necessitas
798 3985 1025 4086 excogitandi
1062 4002 1096 4065 et
1131 3994 1361 4087 supponendi
1394 4001 1539 4088 pactum
1568 3995 1703 4066 sociale
1727 4015 1811 4066 oum

481 4113 690 4186 Publicistis
724 4112 863 4186 saeculi
899 4112 1027 4202 elapsi,
1064 4135 1132 4184 nec
1167 4111 1373 4185 inveniendi
1403 4113 1512 4182 eliam
1537 4111 1811 4203 explicationem

480 4229 647 4322 negando
683 4229 882 4301 libertatem
918 4225 1077 4299 hominis
1113 4229 1147 4298 in
1180 4227 1359 4302 tendendo
1383 4251 1428 4296 ex
1452 4228 1605 4298 naturali
1628 4227 1812 4300 tendentia

479 4347 526 4419 ad
549 4347 758 4418 societatem
782 4345 924 4418 civilem
948 4367 1033 4416 cum
1056 4345 1242 4418 nonnullis
1265 4345 1540 4418 recentioribus.

569 4461 672 4544 Quod
697 4462 726 4532 si
753 4461 917 4534 nonnulli
941 4461 1090 4532 existis
1114 4460 1377 4534 recentioribus
1400 4460 1522 4532 dicant
1545 4457 1712 4534 homines
1726 4481 1812 4532 esse

481 4581 516 4650 in
541 4581 713 4652 societate
737 4577 830 4650 civili
866 4599 911 4648 ex
947 4577 1175 4670 obligatione,
1214 4599 1285 4650 non
1316 4577 1402 4670 quia
1428 4575 1611 4666 tendentia
1635 4579 1812 4650 naturalis

481 4717 553 4767 non
579 4695 625 4765 sit
651 4695 777 4778 libera,
802 4693 868 4768 sed
890 4694 976 4788 quia
999 4694 1046 4765 ad
1069 4715 1151 4766 eam
1175 4692 1401 4788 sequendam
1418 4701 1586 4766 tenentur
1602 4701 1637 4766 et
1653 4694 1812 4785 obligan-

480 4811 607 4883 turdo
630 4811 738 4904 facto,
764 4810 815 4902 uti
840 4809 945 4884 adid
969 4811 1068 4902 quod
1103 4817 1161 4884 est
1194 4811 1331 4884 bonum
1367 4819 1401 4883 et
1436 4817 1588 4902 rectum,
1614 4807 1812 4902 responde·
