4054 6322
629 737 678 812 78

957 909 1182 982 rnorourmn
1210 907 1449 964 nnrrcmras

627 1037 780 1112 Videtur
803 1038 1029 1110 Concordata
1053 1060 1123 1108 non
1148 1057 1233 1110 esse
1257 1045 1465 1110 contractus
1480 1037 1686 1112 bilaterales
1698 1038 1862 1110 strictiori

534 1177 649 1228 sensu
673 1163 844 1247 acceptos
867 1155 955 1248 quia
977 1156 1013 1226 in
1040 1155 1084 1224 iis
1107 1161 1231 1246 partes
1257 1177 1329 1226 non
1348 1151 1434 1225 dant
1456 1155 1589 1246 aliquid
1606 1153 1799 1226 indebitum
1815 1154 1864 1224 ci-

533 1282 587 1344 tra
604 1279 764 1365 pactum,
790 1271 875 1364 quia
898 1271 1068 1364 specialis
1092 1277 1127 1340 et
1150 1271 1306 1343 strictior
1330 1270 1499 1362 obligatio
1522 1291 1616 1364 quae
1640 1269 1864 1342 contrahitur
1974 1355 1975 1358 Ἴ

533 1389 569 1460 in
593 1387 831 1460 concordatis
855 1387 1001 1480 exurgit
1024 1409 1068 1458 ex
1093 1385 1240 1480 speciali
1255 1395 1292 1458 et
1307 1387 1475 1458 strictiori
1501 1387 1723 1460 necessitate
1739 1387 1863 1458 obser·

533 1505 642 1578 vandi
676 1503 964 1578 modificationes
1002 1504 1256 1596 disciplinares
1292 1505 1327 1574 in
1358 1505 1494 1597 quibus
1529 1501 1574 1576 de
1608 1504 1792 1576 communi
1829 1510 1864 1574 et

533 1622 679 1714 speciali
704 1621 938 1713 intelligentia
961 1622 1134 1708 Princeps
1158 1629 1193 1694 et
1215 1622 1394 1694 Summus
1418 1621 1578 1694 Pontifex
1613 1628 1864 1694 convenerunt

532 1739 685 1810 solemni
711 1737 831 1826 modo,
858 1738 1051 1832 exquibus
1076 1737 1404 1810 modificationibus
1428 1737 1721 1830 disciplinaribus
1757 1758 1863 1810 exur-

531 1862 620 1948 gunt
643 1855 850 1947 reciprocae
873 1855 1125 1947 obligationes
1151 1854 1356 1948 etquidem
1381 1855 1561 1948 speciales
1596 1862 1633 1927 et
1665 1853 1864 1927 strictiores

529 1972 635 2060 juxta
659 1973 856 2064 specialem
880 1981 915 2042 et
950 1971 1165 2044 strictiorem
1202 1973 1453 2044 necessitatem
1492 1972 1861 2046 circumstantiarum.

621 2087 713 2158 Hinc
753 2110 924 2164 summus
959 2089 1120 2160 Pontifex
1144 2098 1178 2161 et
1202 2090 1376 2181 Princeps
1415 2091 1523 2160 etiam
1557 2090 1593 2159 in
1627 2085 1864 2161 concordatis
1974 2077 1975 2080 ’

533 2213 615 2276 eunt
638 2223 784 2298 semper
806 2207 981 2299 Superior
1004 2213 1038 2278 at
1054 2205 1224 2280 subditus
1240 2207 1285 2277 de
1309 2215 1433 2280 mutua
1456 2205 1686 2296 intelligentia
1702 2205 1861 2296 aliquam

533 2321 649 2412 legem
688 2321 958 2416 disciplinarem
989 2323 1263 2414 modificantem
1291 2346 1334 2395 ex
1370 2345 1442 2417 qua
1470 2324 1568 2396 nulla
1592 2323 1663 2394 alia
1692 2320 1863 2412 obligatio

532 2439 671 2529 exurgit
695 2437 765 2510 nisi
791 2440 850 2510 illa
873 2461 945 2533 qua
967 2447 1094 2512 mutuo
1110 2440 1315 2532 obligantur
1339 2441 1513 2532 Superior
1530 2447 1565 2512 et
1582 2437 1764 2527 subditus,
1783 2457 1865 2528 spe-

531 2555 636 2626 cialis
660 2554 805 2648 quidem
829 2564 862 2626 et
886 2556 1042 2628 strictior
1057 2555 1228 2647 obligatio
1253 2577 1439 2649 exurgens
1462 2579 1510 2630 ex
1527 2555 1674 2650 speciali
1699 2553 1857 2626 necessi·

533 2678 602 2742 tate
628 2670 727 2744 illius
751 2671 1030 2744 modificationis
1053 2671 1146 2762 legis
1170 2671 1414 2764 disciplinaris
1449 2673 1555 2762 juxta
1579 2670 1761 2763 speciales
1798 2669 1864 2741 cir·

532 2789 784 2859 cumstantias.
1100 2803 1105 2806 ·

620 2906 804 2994 Respondes
827 2905 867 2978 nd
890 2897 1118 2980 btttautta'ten
1132 2947 1172 2958 --
1185 2905 1357 2994 Dicendo,
1384 2905 1586 2997 Principem
1611 2911 1644 2976 et
1668 2906 1863 2976 Summum
1997 2923 1998 2928 ¹

531 3017 745 3091 Pontificem
768 3019 900 3094 addere
924 3043 1037 3112 posse
1076 3045 1208 3093 novam
1234 3021 1489 3112 obligationem
1526 3019 1733 3112 obligationi
1770 3041 1862 3112 quae
1997 2929 1999 3084 i

530 3137 670 3227 exurgit
694 3159 739 3208 ex
763 3138 933 3211 relatione
957 3139 1049 3210 inter
1073 3140 1298 3232 superiorem
1314 3145 1349 3209 et
1365 3135 1550 3209 subditum
1574 3142 1681 3208 etiam
1706 3135 1858 3228 speciali

531 3259 566 3324 et
589 3252 758 3329 strictiori
778 3254 887 3343 juxta
911 3254 1091 3346 speciales
1114 3253 1423 3342 circumstantias,
1442 3253 1649 3326 sicutenim
1667 3273 1765 3323 novo
1789 3251 1861 3322 vir·

529 3369 613 3442 culo
636 3370 789 3461 ligamur
811 3391 898 3462 erga
920 3347 1037 3444 Deum
1060 3371 1205 3465 quando
1229 3392 1325 3442 nova
1349 3370 1596 3462 promissione
1620 3368 1862 3461 promittimus

532 3485 664 3578 aliquid
687 3486 761 3574 jam
785 3485 957 3578 debitum,
983 3489 1033 3558 uti
1057 3487 1187 3559 accidit
1210 3488 1245 3557 in
1270 3495 1353 3558 roto
1369 3487 1673 3576 etjurejurandO,
1701 3487 1749 3556 ita
1780 3505 1858 3557 eve·

532 3603 609 3672 nire
633 3611 755 3695 potest
779 3623 863 3674 curn
888 3603 1095 3674 hominibus
1126 3604 1289 3692 jurando
1323 3602 1367 3676 de
1392 3625 1430 3674 re
1454 3603 1584 3674 debita.
1613 3601 1663 3674 lta
1686 3603 1861 3674 Summus

533 3715 699 3791 Pontifex
711 3726 745 3788 et
760 3719 948 3811 Principes
972 3727 1130 3812 possunt
1153 3741 1239 3792 sese
1263 3721 1376 3812 ligare
1393 3741 1488 3792 nova
1505 3720 1735 3811 obligatione,
1758 3720 1860 3811 quasi

526 3834 770 3924 jurejurando
794 3855 879 3908 sese
904 3835 1118 3928 obligantes,
1145 3835 1370 3928 obligandosi
1407 3837 1503 3907 sulla
1526 3834 1603 3908 loro
1628 3837 1765 3928 parole,
1803 3835 1861 3908 sul

531 3951 608 4023 loro
632 3973 756 4024 onore.

708 4125 784 4194 Art.
812 4123 869 4195 111.
887 4164 931 4178 -
944 4126 1231 4198 Animadvertimus
1253 4127 1422 4214 manentia
1444 4143 1522 4198 esee
1545 4127 1684 4198 tenende

1001 4242 1043 4314 ab
1065 4243 1206 4314 onntbue
1228 4242 1415 4316 catholida.

620 4411 666 4478 1.⁰
691 4411 894 4482 Ecclesiam
920 4433 1032 4506 posse
1057 4418 1092 4484 ot
1114 4411 1245 4484 debere
1270 4433 1441 4484 revocare
1464 4413 1727 4484 concessiones
1742 4413 1859 4484 factas

528 4526 756 4618 Principibus
780 4528 810 4598 si
835 4553 880 4600 ex
903 4528 1049 4599 mutatis
1084 4527 1366 4600 circumstantiis
1401 4537 1551 4622 vergant
1584 4530 1619 4600 in
1658 4529 1857 4622 perniciem

531 4643 746 4734 animarum,
773 4645 907 4716 etenim
928 4652 1015 4716 tunc
1038 4645 1139 4716 lieret
1163 4645 1282 4717 illicita
1306 4646 1470 4738 ipsarum
1498 4645 1715 4733 observatio,
1740 4654 1776 4719 et
1799 4667 1859 4718 res

472 4817 475 4835 ,
528 4757 711 4837 deveniret
733 4759 780 4837 ad
803 4781 888 4838 eum
911 4769 1046 4838 statum
1069 4783 1092 4834 a
1112 4783 1185 4862 quo
1210 4761 1366 4863 incipere
1390 4783 1465 4838 non
1489 4771 1640 4864 poterat,
1672 4771 1707 4837 et
1731 4784 1861 4863 quam·
