4054 6322
218 1127 285 1202 bac
312 1130 461 1213 ratione,
487 1129 572 1222 quia
612 1127 838 1204 Concordata
861 1151 933 1200 non
958 1136 1043 1200 sunt
1067 1130 1252 1220 pactiones
1288 1129 1333 1201 de
1374 1129 1549 1200 limitibus
1615 1130 1619 1136 ’

213 1245 438 1317 auctoritatis
477 1245 568 1317 inter
606 1245 799 1318 Summum
824 1245 1029 1316 Pontificem
1055 1253 1088 1316 et
1111 1247 1326 1338 Principem,
1368 1247 1548 1318 Summus

212 1363 309 1434 enim
333 1361 499 1436 Pontifex
524 1383 587 1454 pro
613 1361 753 1452 legibue
778 1362 966 1433 Ecclesiae
983 1361 1184 1434 condendis
1201 1361 1306 1432 babet
1330 1363 1547 1446 illimitatam

214 1479 476 1566 auctoritatem,
503 1477 704 1548 ordinatam
729 1477 885 1572 quidem,
911 1478 1016 1549 debet
1039 1499 1170 1568 nempe
1195 1479 1296 1568 leges
1336 1478 1545 1568 disciplina·

213 1616 274 1665 res
299 1594 455 1666 condere
479 1602 514 1666 ct
537 1593 726 1665 moderare
747 1595 857 1682 juxta
873 1594 1178 1678 circumstantiae,
1205 1593 1272 1666 sed
1296 1593 1366 1666 hoc
1391 1617 1462 1663 non
1508 1594 1549 1662 li·

213 1711 314 1782 mitat
338 1711 602 1800 auctoritatem,
628 1711 694 1783 sed
718 1719 777 1784 est
801 1711 846 1782 de
869 1711 1031 1782 essentia
1055 1711 1291 1782 auctoritatis.

311 1961 405 2013 nula
434 1953 649 2014 saumarius
675 1960 712 2014 IN
742 1961 871 2024 QUIBUS
897 1957 1116 2015 ulvluultrttlt
1142 1958 1320 2014 lucrosus
1349 1959 1450 2014 cluet

754 2085 994 2140 CONCORDATA.

304 2295 408 2366 Circa
432 2293 657 2365 Concordata
682 2293 860 2368 habentur
882 2295 976 2367 duae
1002 2298 1213 2381 sententiae,
1240 2317 1370 2387 nempe
1397 2295 1542 2381 illorum

215 2413 275 2504 qui
299 2411 423 2484 dicunt
447 2410 673 2482 Concordata
697 2433 768 2482 non
793 2399 1170 2503 obligarasnmmum
1209 2413 1421 2484 Pontificem
1457 2413 1544 2483 obli·
1577 2418 1580 2424 '

192 2596 193 2599 ,
213 2528 360 2619 gatione
384 2529 489 2620 pacti,
515 2528 580 2599 sed
605 2535 744 2600 tantum
768 2551 812 2600 ex
830 2527 996 2600 fidelitate
1014 2530 1244 2620 legislatoris,
1263 2537 1297 2600 et
1315 2530 1461 2600 illorum
1479 2531 1541 2620 qui

217 2665 265 2716 cx
287 2645 359 2715 alia
382 2653 481 2736 parte
505 2644 640 2734 dicunt,
666 2645 893 2720 Concordata
917 2647 953 2715 in
977 2629 1147 2718 omnibus
1172 2667 1256 2717 esse
1280 2653 1545 2717 veroscontra-

218 2768 300 2833 ctus
325 2761 531 2834 bilaterales
546 2770 586 2833 ut
601 2763 861 2834 conventiones
878 2763 1184 2834 internetionales.
1204 2748 1386 2835 Auctores
1404 2761 1544 2854 primae

217 2877 415 2949 sententiae
439 2877 562 2948 dicunt
586 2877 811 2950 concordata
834 2901 906 2949 non
932 2879 1092 2970 obligare
1117 2880 1311 2951 Summum
1335 2879 1547 2950 Pontificem

217 2993 436 3084 obligatione
461 2995 569 3091 pacti,
596 2993 663 3065 sed
685 3002 825 3066 tantum
849 3017 895 3064 ex
921 2994 1088 3066 fidelitate
1105 2995 1338 3084 legislatoris
1358 2995 1548 3088 quiainter

216 3109 408 3182 Summum
431 3109 643 3182 Pontificem
667 3117 701 3180 et
724 3111 926 3202 Principem
952 3132 1024 3181 non
1042 3119 1158 3201 potest
1183 3111 1316 3201 pacisci
1336 3119 1370 3182 et
1386 3109 1546 3183 contrahi

218 3246 304 3297 vera
328 3223 514 3316 obligati0,
539 3227 625 3318 quia
648 3227 826 3296 Summus
850 3227 1014 3297 Pontifex
1038 3235 1095 3298 est
1114 3228 1230 3315 judex
1266 3249 1478 3319 supremus,
1515 3233 1548 3297 et

217 3341 393 3434 Princeps
417 3341 522 3414 debet
546 3342 626 3414 eius
646 3341 784 3430 judicio
809 3365 850 3412 se
876 3343 1100 3414 submittere.
1128 3343 1201 3414 Sed
1240 3344 1397 3415 vidimus
1437 3365 1549 3434 posse

217 3455 363 3547 pacisci,
390 3466 424 3528 et
448 3455 611 3530 secunda
636 3458 852 3549 obligatione
878 3458 1040 3549 obligari,
1058 3459 1196 3531 scilicet
1213 3460 1375 3530 secundo
1390 3459 1545 3544 vinculo,

218 3572 325 3644 etiam
350 3573 396 3644 ad
420 3596 464 3644 ea
487 3573 533 3644 ad
567 3575 757 3667 quaejam
780 3583 960 3661 tenemur,
986 3582 1025 3645 ut
1048 3575 1080 3645 si
1112 3575 1194 3666 quis
1229 3575 1470 3664 jurejurando
1507 3596 1548 3644 se

220 3689 354 3780 obligat
376 3689 422 3759 ad
446 3689 580 3783 aliquid
603 3690 649 3760 ad
671 3690 768 3784 quod
788 3692 867 3780 jam
890 3699 1044 3762 tenetur.

307 3807 485 3878 Fautores
507 3807 644 3899 primae
660 3808 859 3878 sententiae
876 3809 924 3877 ita
939 3805 1112 3878 deliniunt
1127 3808 1415 3880 concordatum:
1438 3810 1453 3848 “
1472 3811 1545 3878 Lex

220 3923 235 3960 “
261 3921 488 4012 particularis
511 3923 760 3994 ecclesiastica
784 3925 985 4016 proaliquo
1010 3926 1149 4013 Regno,
1176 3925 1315 3994 Summi
1355 3925 1545 3996 Pontificis

220 4037 471 4110 “auctoritate
494 4037 588 4111 edita
623 4038 669 4109 ad
704 4039 912 4110 instantiam
949 4040 1126 4132 Principis
1150 4041 1231 4111 eius
1270 4040 1353 4130 loci,
1395 4041 1544 4132 speciali

218 4155 234 4192 “
259 4153 424 4226 eiusdem
447 4155 624 4246 Principis
649 4156 863 4245 obligatione
887 4157 1101 4226 confirmata
1117 4178 1158 4227 se
1175 4178 1257 4228 eam
1274 4165 1448 4249 perpetuo
1468 4177 1546 4228 ser·

220 4271 483 4360 “vaturam.,

304 4385 403 4458 Haec
425 4387 591 4461 Definitio
615 4407 687 4458 non
704 4389 869 4480 exprimit
885 4399 1031 4480 pactum
1047 4411 1119 4482 quo
1136 4391 1242 4460 ambo
1256 4391 1434 4462 Summus
1451 4392 1544 4462 Pon·

215 4501 299 4574 tifex
322 4511 356 4576 et
378 4502 552 4595 Princeps
587 4525 672 4576 sese
708 4505 866 4594 obligant
889 4504 935 4574 ad
960 4526 1091 4575 novam
1122 4505 1241 4598 legem
1274 4505 1545 4599 disciplinarem

89 4709 91 4712 Ι
218 4616 492 4690 observandam.
