<?xml version="1.0" encoding="UTF-8"?>
<!DOCTYPE html PUBLIC "-//W3C//DTD XHTML 1.0 Transitional//EN"
    "http://www.w3.org/TR/xhtml1/DTD/xhtml1-transitional.dtd">
<html xmlns="http://www.w3.org/1999/xhtml" xml:lang="en" lang="en">
 <head>
  <title>
</title>
<meta http-equiv="Content-Type" content="text/html;charset=utf-8" />
  <meta name='ocr-system' content='tesseract 3.04.00' />
  <meta name='ocr-capabilities' content='ocr_page ocr_carea ocr_par ocr_line ocrx_word'/>
</head>
<body>
  <div class='ocr_page' id='page_1' title='image "./juspublicumeccl00rossgoog_0072.png"; bbox 0 0 4054 6322; ppageno 0'>
   <div class='ocr_carea' id='block_1_1' title="bbox 1294 893 1417 982">
    <p class='ocr_par' dir='ltr' id='par_1_1' title="bbox 1294 893 1417 982">
     <span class='ocr_line' id='line_1_1' title="bbox 1294 893 1417 982; baseline 0 0"><span class='ocrx_word' id='word_1_1' title='bbox 1294 893 1417 982; x_wconf 76' lang='lat' dir='ltr'><strong>‘er</strong></span> 
     </span>
    </p>
   </div>
   <div class='ocr_carea' id='block_1_2' title="bbox 169 1081 1558 4320">
    <p class='ocr_par' dir='ltr' id='par_1_2' title="bbox 170 1081 1515 1524">
     <span class='ocr_line' id='line_1_2' title="bbox 171 1081 1515 1175; baseline 0 -21"><span class='ocrx_word' id='word_1_2' title='bbox 171 1083 292 1156; x_wconf 89' lang='lat' dir='ltr'><strong>tionis</strong></span> <span class='ocrx_word' id='word_1_3' title='bbox 317 1085 459 1175; x_wconf 80' lang='lat' dir='ltr'>Regum</span> <span class='ocrx_word' id='word_1_4' title='bbox 476 1087 713 1171; x_wconf 75' lang='lat' dir='ltr'><strong>Francorum,</strong></span> <span class='ocrx_word' id='word_1_5' title='bbox 727 1083 912 1155; x_wconf 87' lang='lat' dir='ltr'><strong>sedetiam</strong></span> <span class='ocrx_word' id='word_1_6' title='bbox 930 1084 1010 1154; x_wconf 88' lang='lat' dir='ltr'><strong>aliis</strong></span> <span class='ocrx_word' id='word_1_7' title='bbox 1020 1081 1241 1172; x_wconf 84' lang='lat' dir='ltr'><strong>justissimis</strong></span> <span class='ocrx_word' id='word_1_8' title='bbox 1254 1084 1389 1164; x_wconf 86' lang='lat' dir='ltr'><strong>causis,</strong></span> <span class='ocrx_word' id='word_1_9' title='bbox 1408 1085 1515 1156; x_wconf 88' lang='lat' dir='ltr'><strong>Sum·</strong></span> 
     </span>
     <span class='ocr_line' id='line_1_3' title="bbox 170 1199 1515 1294; baseline 0.001 -24"><span class='ocrx_word' id='word_1_10' title='bbox 170 1221 266 1276; x_wconf 84' lang='lat' dir='ltr'><strong>mus</strong></span> <span class='ocrx_word' id='word_1_11' title='bbox 291 1199 387 1274; x_wconf 90' lang='lat' dir='ltr'><strong>enim</strong></span> <span class='ocrx_word' id='word_1_12' title='bbox 411 1199 572 1272; x_wconf 79' lang='lat' dir='ltr'><strong>Pontifex</strong></span> <span class='ocrx_word' id='word_1_13' title='bbox 597 1201 636 1272; x_wconf 93' lang='lat' dir='ltr'><strong>S.</strong></span> <span class='ocrx_word' id='word_1_14' title='bbox 662 1200 863 1292; x_wconf 81' lang='lat' dir='ltr'>Gregorius</span> <span class='ocrx_word' id='word_1_15' title='bbox 887 1199 929 1272; x_wconf 90' lang='lat' dir='ltr'><strong>ll.</strong></span> <span class='ocrx_word' id='word_1_16' title='bbox 955 1199 1387 1294; x_wconf 86' lang='lat' dir='ltr'><strong>cosliberaveratajugo</strong></span> <span class='ocrx_word' id='word_1_17' title='bbox 1403 1199 1515 1272; x_wconf 89' lang='lat' dir='ltr'><strong>Grae·</strong></span> 
     </span>
     <span class='ocr_line' id='line_1_4' title="bbox 171 1314 1510 1410; baseline 0.001 -24"><span class='ocrx_word' id='word_1_18' title='bbox 171 1339 320 1406; x_wconf 87' lang='lat' dir='ltr'><strong>corum,</strong></span> <span class='ocrx_word' id='word_1_19' title='bbox 346 1317 480 1409; x_wconf 87' lang='lat' dir='ltr'><strong>pariter</strong></span> <span class='ocrx_word' id='word_1_20' title='bbox 503 1317 645 1390; x_wconf 87' lang='lat' dir='ltr'>Summi</span> <span class='ocrx_word' id='word_1_21' title='bbox 669 1317 864 1389; x_wconf 88' lang='lat' dir='ltr'><strong>Pontifices</strong></span> <span class='ocrx_word' id='word_1_22' title='bbox 888 1338 956 1410; x_wconf 92' lang='lat' dir='ltr'><strong>ope</strong></span> <span class='ocrx_word' id='word_1_23' title='bbox 981 1317 1096 1410; x_wconf 86' lang='lat' dir='ltr'><strong>Pipini</strong></span> <span class='ocrx_word' id='word_1_24' title='bbox 1120 1325 1154 1388; x_wconf 91' lang='lat' dir='ltr'><strong>et</strong></span> <span class='ocrx_word' id='word_1_25' title='bbox 1172 1314 1289 1388; x_wconf 84' lang='lat' dir='ltr'><strong>Caroli</strong></span> <span class='ocrx_word' id='word_1_26' title='bbox 1305 1318 1427 1408; x_wconf 84' lang='lat' dir='ltr'><strong>Magni</strong></span> <span class='ocrx_word' id='word_1_27' title='bbox 1444 1339 1510 1390; x_wconf 86' lang='lat' dir='ltr'><strong>eos</strong></span> 
     </span>
     <span class='ocr_line' id='line_1_5' title="bbox 173 1431 943 1524; baseline -0.001 -21"><span class='ocrx_word' id='word_1_28' title='bbox 173 1432 423 1504; x_wconf 80' lang='lat' dir='ltr'><strong>liberaverant</strong></span> <span class='ocrx_word' id='word_1_29' title='bbox 446 1457 469 1504; x_wconf 91' lang='lat' dir='ltr'><strong>a</strong></span> <span class='ocrx_word' id='word_1_30' title='bbox 488 1434 580 1524; x_wconf 85' lang='lat' dir='ltr'><strong>jugo</strong></span> <span class='ocrx_word' id='word_1_31' title='bbox 604 1431 943 1524; x_wconf 88' lang='lat' dir='ltr'><strong>Longobardorum.</strong></span> 
     </span>
    </p>

    <p class='ocr_par' dir='ltr' id='par_1_3' title="bbox 169 1548 1558 4320">
     <span class='ocr_line' id='line_1_6' title="bbox 272 1548 1513 1644; baseline 0 -24"><span class='ocrx_word' id='word_1_32' title='bbox 272 1549 427 1621; x_wconf 84' lang='lat' dir='ltr'><strong>Romani</strong></span> <span class='ocrx_word' id='word_1_33' title='bbox 452 1550 564 1621; x_wconf 87' lang='lat' dir='ltr'><strong>relicti</strong></span> <span class='ocrx_word' id='word_1_34' title='bbox 588 1556 691 1621; x_wconf 89' lang='lat' dir='ltr'><strong>erant</strong></span> <span class='ocrx_word' id='word_1_35' title='bbox 713 1571 736 1620; x_wconf 90' lang='lat' dir='ltr'><strong>a</strong></span> <span class='ocrx_word' id='word_1_36' title='bbox 759 1549 909 1622; x_wconf 86' lang='lat' dir='ltr'><strong>Graecis</strong></span> <span class='ocrx_word' id='word_1_37' title='bbox 946 1548 1228 1644; x_wconf 85' lang='lat' dir='ltr'><strong>imperatoribus</strong></span> <span class='ocrx_word' id='word_1_38' title='bbox 1263 1550 1416 1624; x_wconf 90' lang='lat' dir='ltr'><strong>interius</strong></span> <span class='ocrx_word' id='word_1_39' title='bbox 1452 1551 1513 1622; x_wconf 89' lang='lat' dir='ltr'><strong>ab·</strong></span> 
     </span>
     <span class='ocr_line' id='line_1_7' title="bbox 178 1665 1513 1760; baseline 0.001 -24"><span class='ocrx_word' id='word_1_40' title='bbox 178 1687 278 1759; x_wconf 88' lang='lat' dir='ltr'><strong>sque</strong></span> <span class='ocrx_word' id='word_1_41' title='bbox 303 1665 489 1758; x_wconf 86' lang='lat' dir='ltr'><strong>regimine,</strong></span> <span class='ocrx_word' id='word_1_42' title='bbox 515 1674 549 1740; x_wconf 89' lang='lat' dir='ltr'><strong>et</strong></span> <span class='ocrx_word' id='word_1_43' title='bbox 572 1666 711 1760; x_wconf 88' lang='lat' dir='ltr'><strong>absque</strong></span> <span class='ocrx_word' id='word_1_44' title='bbox 734 1665 870 1737; x_wconf 86' lang='lat' dir='ltr'><strong>auxilio</strong></span> <span class='ocrx_word' id='word_1_45' title='bbox 893 1672 1018 1738; x_wconf 87' lang='lat' dir='ltr'><strong>contra</strong></span> <span class='ocrx_word' id='word_1_46' title='bbox 1043 1665 1181 1738; x_wconf 88' lang='lat' dir='ltr'><strong>hostes.</strong></span> <span class='ocrx_word' id='word_1_47' title='bbox 1208 1667 1325 1760; x_wconf 89' lang='lat' dir='ltr'><strong>Saepe</strong></span> <span class='ocrx_word' id='word_1_48' title='bbox 1360 1666 1405 1738; x_wconf 88' lang='lat' dir='ltr'><strong>de</strong></span> <span class='ocrx_word' id='word_1_49' title='bbox 1443 1667 1513 1740; x_wconf 87' lang='lat' dir='ltr'><strong>hoc</strong></span> 
     </span>
     <span class='ocr_line' id='line_1_8' title="bbox 170 1781 1513 1877; baseline 0 -24"><span class='ocrx_word' id='word_1_50' title='bbox 170 1802 376 1855; x_wconf 72' lang='lat' dir='ltr'><strong>recursum</strong></span> <span class='ocrx_word' id='word_1_51' title='bbox 401 1783 604 1854; x_wconf 88' lang='lat' dir='ltr'><strong>habuerunt</strong></span> <span class='ocrx_word' id='word_1_52' title='bbox 629 1781 781 1856; x_wconf 87' lang='lat' dir='ltr'><strong>Graecis</strong></span> <span class='ocrx_word' id='word_1_53' title='bbox 799 1781 1094 1875; x_wconf 87' lang='lat' dir='ltr'><strong>Imperatoribus,</strong></span> <span class='ocrx_word' id='word_1_54' title='bbox 1112 1783 1172 1876; x_wconf 91' lang='lat' dir='ltr'><strong>qui</strong></span> <span class='ocrx_word' id='word_1_55' title='bbox 1190 1781 1457 1877; x_wconf 88' lang='lat' dir='ltr'><strong>responderunt</strong></span> <span class='ocrx_word' id='word_1_56' title='bbox 1475 1791 1513 1856; x_wconf 90' lang='lat' dir='ltr'><strong>ut</strong></span> 
     </span>
     <span class='ocr_line' id='line_1_9' title="bbox 172 1897 1512 1994; baseline 0 -24"><span class='ocrx_word' id='word_1_57' title='bbox 172 1899 319 1972; x_wconf 90' lang='lat' dir='ltr'><strong>meliori</strong></span> <span class='ocrx_word' id='word_1_58' title='bbox 343 1921 416 1994; x_wconf 87' lang='lat' dir='ltr'><strong>quo</strong></span> <span class='ocrx_word' id='word_1_59' title='bbox 432 1909 583 1992; x_wconf 78' lang='lat' dir='ltr'><strong>possent</strong></span> <span class='ocrx_word' id='word_1_60' title='bbox 607 1897 717 1971; x_wconf 89' lang='lat' dir='ltr'><strong>modo</strong></span> <span class='ocrx_word' id='word_1_61' title='bbox 741 1899 809 1969; x_wconf 90' lang='lat' dir='ltr'><strong>sibi</strong></span> <span class='ocrx_word' id='word_1_62' title='bbox 834 1899 1080 1971; x_wconf 77' lang='lat' dir='ltr'><strong>consulerent.</strong></span> <span class='ocrx_word' id='word_1_63' title='bbox 1107 1900 1200 1971; x_wconf 86' lang='lat' dir='ltr'><strong>Hinc</strong></span> <span class='ocrx_word' id='word_1_64' title='bbox 1235 1899 1390 1971; x_wconf 86' lang='lat' dir='ltr'><strong>Romani</strong></span> <span class='ocrx_word' id='word_1_65' title='bbox 1428 1922 1512 1972; x_wconf 83' lang='lat' dir='ltr'><strong>sese</strong></span> 
     </span>
     <span class='ocr_line' id='line_1_10' title="bbox 171 2015 1511 2110; baseline 0 -22"><span class='ocrx_word' id='word_1_66' title='bbox 171 2024 383 2107; x_wconf 85' lang='lat' dir='ltr'><strong>posuerunt</strong></span> <span class='ocrx_word' id='word_1_67' title='bbox 407 2018 476 2089; x_wconf 87' lang='lat' dir='ltr'><strong>sub</strong></span> <span class='ocrx_word' id='word_1_68' title='bbox 501 2017 675 2108; x_wconf 76' lang='lat' dir='ltr'><strong>regimine</strong></span> <span class='ocrx_word' id='word_1_69' title='bbox 699 2015 840 2087; x_wconf 88' lang='lat' dir='ltr'><strong>Summi</strong></span> <span class='ocrx_word' id='word_1_70' title='bbox 864 2015 1050 2088; x_wconf 86' lang='lat' dir='ltr'><strong>Pontificis</strong></span> <span class='ocrx_word' id='word_1_71' title='bbox 1073 2018 1132 2110; x_wconf 91' lang='lat' dir='ltr'><strong>qni</strong></span> <span class='ocrx_word' id='word_1_72' title='bbox 1150 2017 1381 2090; x_wconf 76' lang='lat' dir='ltr'><strong>necessitatis</strong></span> <span class='ocrx_word' id='word_1_73' title='bbox 1396 2038 1511 2089; x_wconf 87' lang='lat' dir='ltr'><strong>causa</strong></span> 
     </span>
     <span class='ocr_line' id='line_1_11' title="bbox 169 2131 1511 2227; baseline 0.001 -25"><span class='ocrx_word' id='word_1_74' title='bbox 169 2153 304 2204; x_wconf 88' lang='lat' dir='ltr'><strong>curam</strong></span> <span class='ocrx_word' id='word_1_75' title='bbox 330 2153 457 2204; x_wconf 88' lang='lat' dir='ltr'><strong>eorum</strong></span> <span class='ocrx_word' id='word_1_76' title='bbox 477 2134 556 2223; x_wconf 88' lang='lat' dir='ltr'><strong>jam</strong></span> <span class='ocrx_word' id='word_1_77' title='bbox 580 2131 761 2204; x_wconf 85' lang='lat' dir='ltr'><strong>habebant</strong></span> <span class='ocrx_word' id='word_1_78' title='bbox 785 2131 893 2204; x_wconf 88' lang='lat' dir='ltr'><strong>etiam</strong></span> <span class='ocrx_word' id='word_1_79' title='bbox 917 2134 953 2203; x_wconf 91' lang='lat' dir='ltr'><strong>in</strong></span> <span class='ocrx_word' id='word_1_80' title='bbox 978 2133 1250 2227; x_wconf 80' lang='lat' dir='ltr'><strong>temporalibus.</strong></span> <span class='ocrx_word' id='word_1_81' title='bbox 1277 2133 1409 2204; x_wconf 87' lang='lat' dir='ltr'><strong>Postea</strong></span> <span class='ocrx_word' id='word_1_82' title='bbox 1426 2155 1511 2206; x_wconf 87' lang='lat' dir='ltr'><strong>vero</strong></span> 
     </span>
     <span class='ocr_line' id='line_1_12' title="bbox 170 2249 1511 2341; baseline 0.001 -23"><span class='ocrx_word' id='word_1_83' title='bbox 170 2249 333 2320; x_wconf 82' lang='lat' dir='ltr'><strong>Romani</strong></span> <span class='ocrx_word' id='word_1_84' title='bbox 358 2250 517 2341; x_wconf 88' lang='lat' dir='ltr'><strong>legitima</strong></span> <span class='ocrx_word' id='word_1_85' title='bbox 539 2249 584 2319; x_wconf 89' lang='lat' dir='ltr'><strong>de</strong></span> <span class='ocrx_word' id='word_1_86' title='bbox 608 2270 724 2320; x_wconf 90' lang='lat' dir='ltr'><strong>causa</strong></span> <span class='ocrx_word' id='word_1_87' title='bbox 747 2257 974 2340; x_wconf 88' lang='lat' dir='ltr'><strong>negaverunt</strong></span> <span class='ocrx_word' id='word_1_88' title='bbox 996 2249 1148 2322; x_wconf 83' lang='lat' dir='ltr'><strong>Graecis</strong></span> <span class='ocrx_word' id='word_1_89' title='bbox 1173 2249 1426 2340; x_wconf 82' lang='lat' dir='ltr'><strong>obedientiam,</strong></span> <span class='ocrx_word' id='word_1_90' title='bbox 1468 2273 1511 2320; x_wconf 86' lang='lat' dir='ltr'><strong>ac</strong></span> 
     </span>
     <span class='ocr_line' id='line_1_13' title="bbox 173 2365 1511 2460; baseline 0.002 -25"><span class='ocrx_word' id='word_1_91' title='bbox 173 2367 424 2457; x_wconf 85' lang='lat' dir='ltr'><strong>Magistratus</strong></span> <span class='ocrx_word' id='word_1_92' title='bbox 446 2366 638 2438; x_wconf 79' lang='lat' dir='ltr'><strong>inferiores</strong></span> <span class='ocrx_word' id='word_1_93' title='bbox 662 2367 849 2459; x_wconf 86' lang='lat' dir='ltr'><strong>elegerunt</strong></span> <span class='ocrx_word' id='word_1_94' title='bbox 870 2366 930 2460; x_wconf 89' lang='lat' dir='ltr'><strong>qui</strong></span> <span class='ocrx_word' id='word_1_95' title='bbox 955 2387 1021 2438; x_wconf 90' lang='lat' dir='ltr'><strong>eos</strong></span> <span class='ocrx_word' id='word_1_96' title='bbox 1043 2365 1288 2458; x_wconf 87' lang='lat' dir='ltr'><strong>gubernarent</strong></span> <span class='ocrx_word' id='word_1_97' title='bbox 1304 2365 1511 2459; x_wconf 88' lang='lat' dir='ltr'><strong>dependen-</strong></span> 
     </span>
     <span class='ocr_line' id='line_1_14' title="bbox 175 2483 1510 2576; baseline 0.003 -24"><span class='ocrx_word' id='word_1_98' title='bbox 175 2489 237 2552; x_wconf 85' lang='lat' dir='ltr'><strong>tes</strong></span> <span class='ocrx_word' id='word_1_99' title='bbox 260 2490 295 2554; x_wconf 89' lang='lat' dir='ltr'><strong>et</strong></span> <span class='ocrx_word' id='word_1_100' title='bbox 319 2483 386 2576; x_wconf 92' lang='lat' dir='ltr'><strong>ipsi</strong></span> <span class='ocrx_word' id='word_1_101' title='bbox 412 2503 435 2554; x_wconf 92' lang='lat' dir='ltr'><strong>a</strong></span> <span class='ocrx_word' id='word_1_102' title='bbox 457 2483 822 2555; x_wconf 82' lang='lat' dir='ltr'><strong>SummoPontifice.</strong></span> <span class='ocrx_word' id='word_1_103' title='bbox 849 2483 953 2554; x_wconf 79' lang='lat' dir='ltr'><strong>Ratio</strong></span> <span class='ocrx_word' id='word_1_104' title='bbox 976 2489 1098 2553; x_wconf 90' lang='lat' dir='ltr'><strong>autem</strong></span> <span class='ocrx_word' id='word_1_105' title='bbox 1122 2505 1194 2575; x_wconf 87' lang='lat' dir='ltr'><strong>que</strong></span> <span class='ocrx_word' id='word_1_106' title='bbox 1231 2484 1384 2554; x_wconf 87' lang='lat' dir='ltr'><strong>Romani</strong></span> <span class='ocrx_word' id='word_1_107' title='bbox 1425 2507 1510 2556; x_wconf 93' lang='lat' dir='ltr'><strong>cum</strong></span> 
     </span>
     <span class='ocr_line' id='line_1_15' title="bbox 171 2588 1511 2690; baseline 0.001 -22"><span class='ocrx_word' id='word_1_108' title='bbox 171 2599 334 2670; x_wconf 88' lang='lat' dir='ltr'><strong>caeteris</strong></span> <span class='ocrx_word' id='word_1_109' title='bbox 366 2597 466 2670; x_wconf 85' lang='lat' dir='ltr'><strong>italis</strong></span> <span class='ocrx_word' id='word_1_110' title='bbox 501 2605 726 2690; x_wconf 88' lang='lat' dir='ltr'><strong>negaverunt</strong></span> <span class='ocrx_word' id='word_1_111' title='bbox 751 2597 995 2670; x_wconf 89' lang='lat' dir='ltr'><strong>obedientiam</strong></span> <span class='ocrx_word' id='word_1_112' title='bbox 1034 2597 1186 2669; x_wconf 86' lang='lat' dir='ltr'><strong>Graecis</strong></span> <span class='ocrx_word' id='word_1_113' title='bbox 1227 2588 1511 2690; x_wconf 82' lang='lat' dir='ltr'><strong>Imperatoribus</strong></span> 
     </span>
     <span class='ocr_line' id='line_1_16' title="bbox 169 2713 1511 2806; baseline 0.001 -24"><span class='ocrx_word' id='word_1_114' title='bbox 169 2713 237 2785; x_wconf 84' lang='lat' dir='ltr'><strong>ruit</strong></span> <span class='ocrx_word' id='word_1_115' title='bbox 255 2715 475 2803; x_wconf 85' lang='lat' dir='ltr'><strong>justissima.</strong></span> <span class='ocrx_word' id='word_1_116' title='bbox 502 2714 658 2785; x_wconf 86' lang='lat' dir='ltr'><strong>Saeculo</strong></span> <span class='ocrx_word' id='word_1_117' title='bbox 682 2713 773 2784; x_wconf 89' lang='lat' dir='ltr'><strong>Vlll.</strong></span> <span class='ocrx_word' id='word_1_118' title='bbox 801 2715 876 2787; x_wconf 90' lang='lat' dir='ltr'><strong>Leo</strong></span> <span class='ocrx_word' id='word_1_119' title='bbox 901 2715 1087 2788; x_wconf 87' lang='lat' dir='ltr'><strong>Isauricus</strong></span> <span class='ocrx_word' id='word_1_120' title='bbox 1125 2713 1321 2806; x_wconf 87' lang='lat' dir='ltr'><strong>imperator</strong></span> <span class='ocrx_word' id='word_1_121' title='bbox 1344 2713 1511 2786; x_wconf 86' lang='lat' dir='ltr'><strong>adhaesit</strong></span> 
     </span>
     <span class='ocr_line' id='line_1_17' title="bbox 171 2827 1534 2921; baseline 0.003 -23"><span class='ocrx_word' id='word_1_122' title='bbox 171 2828 319 2902; x_wconf 89' lang='lat' dir='ltr'><strong>haeresi</strong></span> <span class='ocrx_word' id='word_1_123' title='bbox 343 2831 658 2902; x_wconf 89' lang='lat' dir='ltr'><strong>Iconoclastarum</strong></span> <span class='ocrx_word' id='word_1_124' title='bbox 682 2838 809 2904; x_wconf 90' lang='lat' dir='ltr'><strong>contra</strong></span> <span class='ocrx_word' id='word_1_125' title='bbox 833 2830 968 2902; x_wconf 82' lang='lat' dir='ltr'><strong>Sacrae</strong></span> <span class='ocrx_word' id='word_1_126' title='bbox 991 2829 1192 2921; x_wconf 64' lang='lat' dir='ltr'><strong>Imagines</strong></span> <span class='ocrx_word' id='word_1_127' title='bbox 1218 2827 1315 2902; x_wconf 88' lang='lat' dir='ltr'><strong>unde</strong></span> <span class='ocrx_word' id='word_1_128' title='bbox 1351 2830 1389 2900; x_wconf 92' lang='lat' dir='ltr'><strong>S.</strong></span> <span class='ocrx_word' id='word_1_129' title='bbox 1421 2829 1534 2902; x_wconf 57' lang='lat' dir='ltr'><strong>(lra-v</strong></span> 
     </span>
     <span class='ocr_line' id='line_1_18' title="bbox 171 2935 1510 3039; baseline -0.001 -21"><span class='ocrx_word' id='word_1_130' title='bbox 171 2947 304 3036; x_wconf 85' lang='lat' dir='ltr'><strong>gorius</strong></span> <span class='ocrx_word' id='word_1_131' title='bbox 327 2949 380 3016; x_wconf 89' lang='lat'><strong>11.</strong></span> <span class='ocrx_word' id='word_1_132' title='bbox 405 2935 491 3019; x_wconf 76' lang='lat' dir='ltr'><strong>eur&#39;n</strong></span> <span class='ocrx_word' id='word_1_133' title='bbox 514 2947 853 3018; x_wconf 85' lang='lat' dir='ltr'><strong>excommunicavit.</strong></span> <span class='ocrx_word' id='word_1_134' title='bbox 881 2945 972 3017; x_wconf 92' lang='lat' dir='ltr'><strong>Hinc</strong></span> <span class='ocrx_word' id='word_1_135' title='bbox 1008 2948 1213 3039; x_wconf 86' lang='lat' dir='ltr'><strong>Imperator</strong></span> <span class='ocrx_word' id='word_1_136' title='bbox 1248 2947 1351 3018; x_wconf 91' lang='lat' dir='ltr'><strong>irruit</strong></span> <span class='ocrx_word' id='word_1_137' title='bbox 1385 2955 1510 3019; x_wconf 87' lang='lat' dir='ltr'><strong>contra</strong></span> 
     </span>
     <span class='ocr_line' id='line_1_19' title="bbox 172 3061 1509 3154; baseline 0.001 -20"><span class='ocrx_word' id='word_1_138' title='bbox 172 3062 396 3151; x_wconf 79' lang='lat' dir='ltr'><strong>Catholicae,</strong></span> <span class='ocrx_word' id='word_1_139' title='bbox 421 3073 455 3134; x_wconf 93' lang='lat' dir='ltr'><strong>et</strong></span> <span class='ocrx_word' id='word_1_140' title='bbox 478 3063 577 3134; x_wconf 89' lang='lat' dir='ltr'><strong>misit</strong></span> <span class='ocrx_word' id='word_1_141' title='bbox 600 3062 799 3134; x_wconf 86' lang='lat' dir='ltr'><strong>exercitum</strong></span> <span class='ocrx_word' id='word_1_142' title='bbox 824 3069 951 3134; x_wconf 88' lang='lat' dir='ltr'><strong>contre</strong></span> <span class='ocrx_word' id='word_1_143' title='bbox 973 3061 1192 3154; x_wconf 83' lang='lat' dir='ltr'><strong>Gregorium</strong></span> <span class='ocrx_word' id='word_1_144' title='bbox 1216 3063 1265 3130; x_wconf 92' lang='lat' dir='ltr'><strong>II.</strong></span> <span class='ocrx_word' id='word_1_145' title='bbox 1306 3064 1388 3134; x_wconf 87' lang='lat' dir='ltr'><strong>Itali</strong></span> <span class='ocrx_word' id='word_1_146' title='bbox 1423 3085 1509 3136; x_wconf 89' lang='lat' dir='ltr'><strong>vero</strong></span> 
     </span>
     <span class='ocr_line' id='line_1_20' title="bbox 172 3179 1510 3272; baseline 0.003 -24"><span class='ocrx_word' id='word_1_147' title='bbox 172 3179 318 3270; x_wconf 85' lang='lat' dir='ltr'><strong>Veneti,</strong></span> <span class='ocrx_word' id='word_1_148' title='bbox 345 3179 585 3272; x_wconf 86' lang='lat' dir='ltr'><strong>Neapolitani,</strong></span> <span class='ocrx_word' id='word_1_149' title='bbox 611 3187 647 3251; x_wconf 93' lang='lat' dir='ltr'><strong>et</strong></span> <span class='ocrx_word' id='word_1_150' title='bbox 676 3181 923 3268; x_wconf 87' lang='lat' dir='ltr'><strong>Ravennatae,</strong></span> <span class='ocrx_word' id='word_1_151' title='bbox 945 3179 1038 3272; x_wconf 86' lang='lat' dir='ltr'><strong>jugo</strong></span> <span class='ocrx_word' id='word_1_152' title='bbox 1060 3179 1284 3251; x_wconf 88' lang='lat' dir='ltr'><strong>Graecorum</strong></span> <span class='ocrx_word' id='word_1_153' title='bbox 1303 3180 1382 3269; x_wconf 89' lang='lat' dir='ltr'><strong>jam</strong></span> <span class='ocrx_word' id='word_1_154' title='bbox 1405 3181 1510 3254; x_wconf 92' lang='lat' dir='ltr'><strong>intol-</strong></span> 
     </span>
     <span class='ocr_line' id='line_1_21' title="bbox 172 3294 1507 3386; baseline 0.001 -20"><span class='ocrx_word' id='word_1_155' title='bbox 172 3296 346 3386; x_wconf 76' lang='lat' dir='ltr'><strong>leranteS,</strong></span> <span class='ocrx_word' id='word_1_156' title='bbox 373 3317 428 3383; x_wconf 88' lang='lat' dir='ltr'><strong>se,</strong></span> <span class='ocrx_word' id='word_1_157' title='bbox 454 3303 488 3368; x_wconf 93' lang='lat' dir='ltr'><strong>et</strong></span> <span class='ocrx_word' id='word_1_158' title='bbox 499 3294 714 3368; x_wconf 86' lang='lat' dir='ltr'><strong>Pontificem</strong></span> <span class='ocrx_word' id='word_1_159' title='bbox 726 3295 964 3368; x_wconf 75' lang='lat' dir='ltr'><strong>defenderunt</strong></span> <span class='ocrx_word' id='word_1_160' title='bbox 978 3303 1104 3366; x_wconf 89' lang='lat' dir='ltr'><strong>contra</strong></span> <span class='ocrx_word' id='word_1_161' title='bbox 1117 3295 1390 3386; x_wconf 88' lang='lat' dir='ltr'><strong>Imperatorem,</strong></span> <span class='ocrx_word' id='word_1_162' title='bbox 1411 3296 1507 3368; x_wconf 90' lang='lat' dir='ltr'><strong>unde</strong></span> 
     </span>
     <span class='ocr_line' id='line_1_22' title="bbox 171 3411 1508 3504; baseline 0.002 -22"><span class='ocrx_word' id='word_1_163' title='bbox 171 3413 212 3482; x_wconf 89' lang='lat' dir='ltr'><strong>S.</strong></span> <span class='ocrx_word' id='word_1_164' title='bbox 241 3411 443 3504; x_wconf 84' lang='lat' dir='ltr'><strong>Gregorius</strong></span> <span class='ocrx_word' id='word_1_165' title='bbox 468 3413 519 3480; x_wconf 94' lang='lat' dir='ltr'><strong>II.</strong></span> <span class='ocrx_word' id='word_1_166' title='bbox 544 3411 671 3504; x_wconf 87' lang='lat' dir='ltr'><strong>copias</strong></span> <span class='ocrx_word' id='word_1_167' title='bbox 684 3412 920 3503; x_wconf 88' lang='lat' dir='ltr'><strong>Imperatoris</strong></span> <span class='ocrx_word' id='word_1_168' title='bbox 936 3411 1054 3502; x_wconf 90' lang='lat' dir='ltr'><strong>ejecit,</strong></span> <span class='ocrx_word' id='word_1_169' title='bbox 1068 3435 1111 3482; x_wconf 90' lang='lat' dir='ltr'><strong>ac</strong></span> <span class='ocrx_word' id='word_1_170' title='bbox 1131 3411 1241 3484; x_wconf 88' lang='lat' dir='ltr'><strong>victor</strong></span> <span class='ocrx_word' id='word_1_171' title='bbox 1258 3413 1386 3486; x_wconf 88' lang='lat' dir='ltr'><strong>evasit.</strong></span> <span class='ocrx_word' id='word_1_172' title='bbox 1405 3415 1508 3486; x_wconf 75' lang='lat' dir='ltr'><strong>&#39;lunc</strong></span> 
     </span>
     <span class='ocr_line' id='line_1_23' title="bbox 171 3527 1508 3622; baseline 0.001 -22"><span class='ocrx_word' id='word_1_173' title='bbox 171 3527 298 3621; x_wconf 91' lang='lat' dir='ltr'><strong>populi</strong></span> <span class='ocrx_word' id='word_1_174' title='bbox 322 3528 382 3622; x_wconf 89' lang='lat' dir='ltr'><strong>qui</strong></span> <span class='ocrx_word' id='word_1_175' title='bbox 403 3530 482 3618; x_wconf 86' lang='lat' dir='ltr'><strong>jam</strong></span> <span class='ocrx_word' id='word_1_176' title='bbox 506 3534 614 3599; x_wconf 89' lang='lat' dir='ltr'><strong>antea</strong></span> <span class='ocrx_word' id='word_1_177' title='bbox 637 3535 740 3600; x_wconf 90' lang='lat' dir='ltr'><strong>erant</strong></span> <span class='ocrx_word' id='word_1_178' title='bbox 763 3527 999 3603; x_wconf 89' lang='lat' dir='ltr'><strong>intolerantes</strong></span> <span class='ocrx_word' id='word_1_179' title='bbox 1018 3529 1111 3620; x_wconf 87' lang='lat' dir='ltr'><strong>jugo</strong></span> <span class='ocrx_word' id='word_1_180' title='bbox 1123 3529 1363 3616; x_wconf 80' lang='lat' dir='ltr'><strong>Graecorum,</strong></span> <span class='ocrx_word' id='word_1_181' title='bbox 1382 3537 1417 3601; x_wconf 92' lang='lat' dir='ltr'><strong>et</strong></span> <span class='ocrx_word' id='word_1_182' title='bbox 1432 3551 1508 3602; x_wconf 93' lang='lat' dir='ltr'><strong>mo·</strong></span> 
     </span>
     <span class='ocr_line' id='line_1_24' title="bbox 173 3643 1508 3738; baseline -0.001 -20"><span class='ocrx_word' id='word_1_183' title='bbox 173 3644 264 3718; x_wconf 91' lang='lat' dir='ltr'><strong>dum</strong></span> <span class='ocrx_word' id='word_1_184' title='bbox 286 3645 495 3738; x_wconf 87' lang='lat' dir='ltr'><strong>cogitabant</strong></span> <span class='ocrx_word' id='word_1_185' title='bbox 518 3665 604 3717; x_wconf 86' lang='lat' dir='ltr'><strong>sese</strong></span> <span class='ocrx_word' id='word_1_186' title='bbox 629 3644 865 3718; x_wconf 88' lang='lat' dir='ltr'><strong>subtrahendi</strong></span> <span class='ocrx_word' id='word_1_187' title='bbox 891 3647 937 3716; x_wconf 89' lang='lat' dir='ltr'><strong>ab</strong></span> <span class='ocrx_word' id='word_1_188' title='bbox 954 3645 1199 3736; x_wconf 87' lang='lat' dir='ltr'><strong>eorumjugo‚</strong></span> <span class='ocrx_word' id='word_1_189' title='bbox 1218 3643 1508 3718; x_wconf 82' lang='lat' dir='ltr'><strong>deliberaverunt</strong></span> 
     </span>
     <span class='ocr_line' id='line_1_25' title="bbox 171 3759 1506 3854; baseline 0.001 -22"><span class='ocrx_word' id='word_1_190' title='bbox 171 3761 394 3833; x_wconf 85' lang='lat' dir='ltr'><strong>constituere</strong></span> <span class='ocrx_word' id='word_1_191' title='bbox 417 3781 553 3833; x_wconf 83' lang='lat' dir='ltr'><strong>nouum</strong></span> <span class='ocrx_word' id='word_1_192' title='bbox 577 3761 773 3853; x_wconf 87' lang='lat' dir='ltr'><strong>imperium</strong></span> <span class='ocrx_word' id='word_1_193' title='bbox 797 3760 1040 3833; x_wconf 90' lang='lat' dir='ltr'><strong>Occidentale.</strong></span> <span class='ocrx_word' id='word_1_194' title='bbox 1070 3762 1209 3833; x_wconf 89' lang='lat' dir='ltr'><strong>Verum</strong></span> <span class='ocrx_word' id='word_1_195' title='bbox 1233 3759 1428 3854; x_wconf 90' lang='lat' dir='ltr'><strong>prudenter</strong></span> <span class='ocrx_word' id='word_1_196' title='bbox 1451 3785 1506 3834; x_wconf 90' lang='lat' dir='ltr'><strong>re·</strong></span> 
     </span>
     <span class='ocr_line' id='line_1_26' title="bbox 172 3877 1505 3970; baseline -0.001 -21"><span class='ocrx_word' id='word_1_197' title='bbox 172 3877 263 3949; x_wconf 88' lang='lat' dir='ltr'><strong>stitit</strong></span> <span class='ocrx_word' id='word_1_198' title='bbox 278 3877 315 3948; x_wconf 89' lang='lat' dir='ltr'><strong>S.</strong></span> <span class='ocrx_word' id='word_1_199' title='bbox 342 3877 542 3968; x_wconf 87' lang='lat' dir='ltr'><strong>Gregorius</strong></span> <span class='ocrx_word' id='word_1_200' title='bbox 566 3878 617 3946; x_wconf 93' lang='lat' dir='ltr'><strong>II.</strong></span> <span class='ocrx_word' id='word_1_201' title='bbox 644 3899 729 3948; x_wconf 91' lang='lat' dir='ltr'><strong>cum</strong></span> <span class='ocrx_word' id='word_1_202' title='bbox 754 3897 888 3948; x_wconf 85' lang='lat' dir='ltr'><strong>novum</strong></span> <span class='ocrx_word' id='word_1_203' title='bbox 913 3877 1106 3970; x_wconf 86' lang='lat' dir='ltr'><strong>Imperium</strong></span> <span class='ocrx_word' id='word_1_204' title='bbox 1130 3877 1281 3950; x_wconf 80' lang='lat' dir='ltr'><strong>Graecis</strong></span> <span class='ocrx_word' id='word_1_205' title='bbox 1322 3878 1505 3951; x_wconf 85' lang='lat' dir='ltr'><strong>insensum</strong></span> 
     </span>
     <span class='ocr_line' id='line_1_27' title="bbox 172 3991 1506 4087; baseline 0 -23"><span class='ocrx_word' id='word_1_206' title='bbox 172 4017 247 4066; x_wconf 94' lang='lat' dir='ltr'><strong>non</strong></span> <span class='ocrx_word' id='word_1_207' title='bbox 272 3992 450 4087; x_wconf 87' lang='lat' dir='ltr'><strong>potuisset</strong></span> <span class='ocrx_word' id='word_1_208' title='bbox 484 4015 525 4063; x_wconf 89' lang='lat' dir='ltr'><strong>se</strong></span> <span class='ocrx_word' id='word_1_209' title='bbox 541 3991 743 4065; x_wconf 77' lang='lat' dir='ltr'><strong>defendere</strong></span> <span class='ocrx_word' id='word_1_210' title='bbox 766 4016 789 4064; x_wconf 91' lang='lat' dir='ltr'><strong>a</strong></span> <span class='ocrx_word' id='word_1_211' title='bbox 814 3993 1079 4085; x_wconf 86' lang='lat' dir='ltr'><strong>Longobardis,</strong></span> <span class='ocrx_word' id='word_1_212' title='bbox 1113 3995 1257 4066; x_wconf 82' lang='lat' dir='ltr'><strong>etcum</strong></span> <span class='ocrx_word' id='word_1_213' title='bbox 1291 3995 1408 4086; x_wconf 87' lang='lat' dir='ltr'><strong>gratia</strong></span> <span class='ocrx_word' id='word_1_214' title='bbox 1444 4016 1506 4087; x_wconf 92' lang='lat' dir='ltr'><strong>po·</strong></span> 
     </span>
     <span class='ocr_line' id='line_1_28' title="bbox 171 4108 1558 4210; baseline 0.001 -30"><span class='ocrx_word' id='word_1_215' title='bbox 171 4110 304 4182; x_wconf 88' lang='lat' dir='ltr'><strong>tuisset</strong></span> <span class='ocrx_word' id='word_1_216' title='bbox 328 4111 585 4202; x_wconf 87' lang='lat' dir='ltr'><strong>imperatorem</strong></span> <span class='ocrx_word' id='word_1_217' title='bbox 609 4108 655 4180; x_wconf 88' lang='lat' dir='ltr'><strong>ad</strong></span> <span class='ocrx_word' id='word_1_218' title='bbox 679 4108 804 4180; x_wconf 85' lang='lat' dir='ltr'><strong>Fidem</strong></span> <span class='ocrx_word' id='word_1_219' title='bbox 828 4131 1019 4198; x_wconf 84' lang='lat' dir='ltr'><strong>revocare;</strong></span> <span class='ocrx_word' id='word_1_220' title='bbox 1047 4116 1186 4183; x_wconf 86' lang='lat' dir='ltr'><strong>tanturn</strong></span> <span class='ocrx_word' id='word_1_221' title='bbox 1210 4110 1375 4203; x_wconf 89' lang='lat' dir='ltr'><strong>permisit</strong></span> <span class='ocrx_word' id='word_1_222' title='bbox 1393 4110 1505 4204; x_wconf 88' lang='lat' dir='ltr'><strong>impe·</strong></span> <span class='ocrx_word' id='word_1_223' title='bbox 1554 4203 1558 4210; x_wconf 26' lang='grc' dir='ltr'>Ι</span> 
     </span>
     <span class='ocr_line' id='line_1_29' title="bbox 172 4224 1505 4320; baseline 0.001 -22"><span class='ocrx_word' id='word_1_224' title='bbox 172 4230 282 4298; x_wconf 92' lang='lat' dir='ltr'><strong>ratori</strong></span> <span class='ocrx_word' id='word_1_225' title='bbox 307 4225 546 4300; x_wconf 87' lang='lat' dir='ltr'><strong>obedientiam</strong></span> <span class='ocrx_word' id='word_1_226' title='bbox 569 4224 754 4318; x_wconf 85' lang='lat' dir='ltr'><strong>denegari,</strong></span> <span class='ocrx_word' id='word_1_227' title='bbox 781 4233 815 4297; x_wconf 91' lang='lat' dir='ltr'><strong>et</strong></span> <span class='ocrx_word' id='word_1_228' title='bbox 838 4225 1012 4298; x_wconf 88' lang='lat' dir='ltr'><strong>tributum</strong></span> <span class='ocrx_word' id='word_1_229' title='bbox 1036 4225 1213 4320; x_wconf 85' lang='lat' dir='ltr'><strong>suspendi</strong></span> <span class='ocrx_word' id='word_1_230' title='bbox 1237 4225 1353 4298; x_wconf 86' lang='lat' dir='ltr'><strong>donec</strong></span> <span class='ocrx_word' id='word_1_231' title='bbox 1378 4250 1505 4299; x_wconf 91' lang='lat' dir='ltr'><strong>recon-</strong></span> 
     </span>
    </p>
   </div>
   <div class='ocr_carea' id='block_1_3' title="bbox 171 4341 1505 5028">
    <p class='ocr_par' dir='ltr' id='par_1_4' title="bbox 171 4341 1505 5028">
     <span class='ocr_line' id='line_1_30' title="bbox 171 4341 1504 4435; baseline 0.002 -24"><span class='ocrx_word' id='word_1_232' title='bbox 171 4341 354 4415; x_wconf 88' lang='lat' dir='ltr'><strong>ciliaretur</strong></span> <span class='ocrx_word' id='word_1_233' title='bbox 377 4363 462 4414; x_wconf 89' lang='lat' dir='ltr'><strong>cum</strong></span> <span class='ocrx_word' id='word_1_234' title='bbox 485 4341 662 4414; x_wconf 79' lang='lat' dir='ltr'><strong>Ecclesia.</strong></span> <span class='ocrx_word' id='word_1_235' title='bbox 687 4341 736 4413; x_wconf 88' lang='lat' dir='ltr'><strong>lta</strong></span> <span class='ocrx_word' id='word_1_236' title='bbox 760 4342 913 4412; x_wconf 83' lang='lat' dir='ltr'><strong>Romani</strong></span> <span class='ocrx_word' id='word_1_237' title='bbox 941 4342 1008 4413; x_wconf 88' lang='lat' dir='ltr'><strong>sibi</strong></span> <span class='ocrx_word' id='word_1_238' title='bbox 1033 4343 1301 4414; x_wconf 89' lang='lat' dir='ltr'><strong>constituerunt</strong></span> <span class='ocrx_word' id='word_1_239' title='bbox 1341 4343 1504 4435; x_wconf 88' lang='lat' dir='ltr'><strong>regimen</strong></span> 
     </span>
     <span class='ocr_line' id='line_1_31' title="bbox 172 4455 1504 4551; baseline 0.002 -23"><span class='ocrx_word' id='word_1_240' title='bbox 172 4455 422 4550; x_wconf 90' lang='lat' dir='ltr'><strong>independens</strong></span> <span class='ocrx_word' id='word_1_241' title='bbox 444 4480 467 4529; x_wconf 95' lang='lat' dir='ltr'><strong>a</strong></span> <span class='ocrx_word' id='word_1_242' title='bbox 490 4457 652 4547; x_wconf 86' lang='lat' dir='ltr'><strong>Graecis,</strong></span> <span class='ocrx_word' id='word_1_243' title='bbox 679 4459 870 4547; x_wconf 87' lang='lat' dir='ltr'><strong>elegerunt</strong></span> <span class='ocrx_word' id='word_1_244' title='bbox 893 4481 1024 4551; x_wconf 89' lang='lat' dir='ltr'><strong>nempe</strong></span> <span class='ocrx_word' id='word_1_245' title='bbox 1049 4459 1118 4530; x_wconf 86' lang='lat' dir='ltr'><strong>sibi</strong></span> <span class='ocrx_word' id='word_1_246' title='bbox 1143 4459 1381 4550; x_wconf 84' lang='lat' dir='ltr'><strong>Magistratus</strong></span> <span class='ocrx_word' id='word_1_247' title='bbox 1417 4459 1504 4531; x_wconf 87' lang='lat' dir='ltr'><strong>infe·</strong></span> 
     </span>
     <span class='ocr_line' id='line_1_32' title="bbox 174 4567 1505 4667; baseline 0.003 -25"><span class='ocrx_word' id='word_1_248' title='bbox 174 4573 273 4646; x_wconf 89' lang='lat' dir='ltr'><strong>icros</strong></span> <span class='ocrx_word' id='word_1_249' title='bbox 296 4575 356 4667; x_wconf 88' lang='lat' dir='ltr'><strong>qui</strong></span> <span class='ocrx_word' id='word_1_250' title='bbox 382 4597 447 4646; x_wconf 89' lang='lat' dir='ltr'><strong>eos</strong></span> <span class='ocrx_word' id='word_1_251' title='bbox 471 4575 721 4666; x_wconf 87' lang='lat' dir='ltr'><strong>gubernarent</strong></span> <span class='ocrx_word' id='word_1_252' title='bbox 743 4572 990 4667; x_wconf 89' lang='lat' dir='ltr'><strong>dependentes</strong></span> <span class='ocrx_word' id='word_1_253' title='bbox 1013 4597 1036 4644; x_wconf 86' lang='lat' dir='ltr'><strong>a</strong></span> <span class='ocrx_word' id='word_1_254' title='bbox 1059 4575 1212 4647; x_wconf 88' lang='lat' dir='ltr'><strong>Summo</strong></span> <span class='ocrx_word' id='word_1_255' title='bbox 1236 4567 1407 4647; x_wconf 84' lang='lat' dir='ltr'><strong>Pontifice</strong></span> <span class='ocrx_word' id='word_1_256' title='bbox 1426 4577 1505 4648; x_wconf 87' lang='lat' dir='ltr'><strong>cuir</strong></span> 
     </span>
     <span class='ocr_line' id='line_1_33' title="bbox 174 4690 1501 4784; baseline 0.002 -22"><span class='ocrx_word' id='word_1_257' title='bbox 174 4713 302 4781; x_wconf 88' lang='lat' dir='ltr'><strong>parere</strong></span> <span class='ocrx_word' id='word_1_258' title='bbox 325 4690 508 4764; x_wconf 90' lang='lat' dir='ltr'><strong>deberent.</strong></span> <span class='ocrx_word' id='word_1_259' title='bbox 535 4692 590 4762; x_wconf 91' lang='lat' dir='ltr'><strong>Ita</strong></span> <span class='ocrx_word' id='word_1_260' title='bbox 606 4691 859 4763; x_wconf 87' lang='lat' dir='ltr'><strong>confirmatum</strong></span> <span class='ocrx_word' id='word_1_261' title='bbox 872 4691 937 4763; x_wconf 82' lang='lat' dir='ltr'><strong>fuit</strong></span> <span class='ocrx_word' id='word_1_262' title='bbox 950 4691 1154 4764; x_wconf 88' lang='lat' dir='ltr'><strong>Dominium</strong></span> <span class='ocrx_word' id='word_1_263' title='bbox 1166 4691 1382 4784; x_wconf 89' lang='lat' dir='ltr'><strong>Temporale</strong></span> <span class='ocrx_word' id='word_1_264' title='bbox 1396 4693 1501 4766; x_wconf 87' lang='lat' dir='ltr'><strong>Sum-</strong></span> 
     </span>
     <span class='ocr_line' id='line_1_34' title="bbox 173 4805 1499 4902; baseline 0.003 -24"><span class='ocrx_word' id='word_1_265' title='bbox 173 4827 318 4880; x_wconf 89' lang='lat' dir='ltr'><strong>morum</strong></span> <span class='ocrx_word' id='word_1_266' title='bbox 341 4807 555 4879; x_wconf 84' lang='lat' dir='ltr'><strong>Pontificum</strong></span> <span class='ocrx_word' id='word_1_267' title='bbox 579 4808 638 4901; x_wconf 87' lang='lat' dir='ltr'><strong>qui</strong></span> <span class='ocrx_word' id='word_1_268' title='bbox 663 4807 796 4880; x_wconf 88' lang='lat' dir='ltr'><strong>auxilio</strong></span> <span class='ocrx_word' id='word_1_269' title='bbox 820 4807 934 4900; x_wconf 89' lang='lat' dir='ltr'><strong>Pipini</strong></span> <span class='ocrx_word' id='word_1_270' title='bbox 970 4817 1005 4878; x_wconf 89' lang='lat' dir='ltr'><strong>et</strong></span> <span class='ocrx_word' id='word_1_271' title='bbox 1038 4805 1156 4880; x_wconf 86' lang='lat' dir='ltr'><strong>Caroli</strong></span> <span class='ocrx_word' id='word_1_272' title='bbox 1193 4809 1314 4900; x_wconf 86' lang='lat' dir='ltr'><strong>Magni</strong></span> <span class='ocrx_word' id='word_1_273' title='bbox 1353 4809 1499 4902; x_wconf 82' lang='lat' dir='ltr'><strong>Regum</strong></span> 
     </span>
     <span class='ocr_line' id='line_1_35' title="bbox 175 4923 1503 5028; baseline 0.003 -33"><span class='ocrx_word' id='word_1_274' title='bbox 175 4923 400 5007; x_wconf 83' lang='lat' dir='ltr'><strong>Francorum</strong></span> <span class='ocrx_word' id='word_1_275' title='bbox 423 4923 654 5006; x_wconf 84' lang='lat' dir='ltr'><strong>obtinuerunt</strong></span> <span class='ocrx_word' id='word_1_276' title='bbox 678 4923 785 5008; x_wconf 84' lang='lat' dir='ltr'><strong>etiem</strong></span> <span class='ocrx_word' id='word_1_277' title='bbox 809 4923 902 5001; x_wconf 85' lang='lat' dir='ltr'><strong>alias</strong></span> <span class='ocrx_word' id='word_1_278' title='bbox 934 4931 1053 5004; x_wconf 82' lang='lat' dir='ltr'><strong>terras</strong></span> <span class='ocrx_word' id='word_1_279' title='bbox 1083 4924 1162 5026; x_wconf 84' lang='lat' dir='ltr'><strong>jam</strong></span> <span class='ocrx_word' id='word_1_280' title='bbox 1196 4925 1419 5028; x_wconf 85' lang='lat' dir='ltr'><strong>pertinentes</strong></span> <span class='ocrx_word' id='word_1_281' title='bbox 1457 4925 1503 5003; x_wconf 88' lang='lat' dir='ltr'><strong>ad</strong></span> 
     </span>
    </p>
   </div>
   <div class='ocr_carea' id='block_1_4' title="bbox 0 0 2033 6322">
    <p class='ocr_par' dir='ltr' id='par_1_5' title="bbox 0 0 2033 6322">
     <span class='ocr_line' id='line_1_36' title="bbox 0 0 2033 6322; baseline 0 0"><span class='ocrx_word' id='word_1_282' title='bbox 0 0 2033 6322; x_wconf 95' lang='lat' dir='ltr'><strong> </strong></span> 
     </span>
    </p>
   </div>
  </div>
 </body>
</html>
